3585 5863
222 1076 447 1129 sum.
548 1075 648 1105 “⁶

222 1128 438 1175 maa?-

1459 7 1622 21 ἠήρ-
1637 7 2385 14 *iffi-v*—

1441 905 1747 959 mosum.
2509 899 2639 963 243

673 1076 923 1134 trarium
956 1078 1287 1150 postulatur
1323 1078 1397 1135 ab
1431 1080 1538 1145 eis,
1579 1098 1702 1136 suoe
1735 1081 1932 1153 potius
1967 1080 2197 1140 levitati
2230 1082 2640 1155 imputandum
2699 1091 2812 1137 ΑΙ).
2830 1094 2947 1138 1192.

546 1160 587 1185 “
627 1161 645 1190 ‘
670 1161 923 1219 videtur.
1020 1161 1142 1219 Sed
1175 1168 1238 1220 et
1288 1162 1559 1220 dominus
1595 1170 1796 1221 vester
1830 1164 2317 1236 Rothomagensis
2355 1168 2638 1240 ffl'ssffiepi·
2667 1140 2941 1246 Ηξὼω

545 1245 586 1271 “
627 1247 644 1272 ‘
670 1262 881 1319 scopus
925 1248 1095 1303 nobis
1148 1264 1257 1319 pro
1288 1247 1523 1305 domino
1557 1247 1784 1305 Eliensi
1817 1250 2021 1321 Plemss
2057 1249 2362 1309 ‘1⁰7⁰ffi0n0
2409 1253 2638 1309 litteras
2666 1253 2749 1297 ω
2764 1255 2920 1299 Μ’

2766 1176 2979 1258 mvi,

2666 1304 2869 1359 sistency
2883 1308 2978 1350 and

545 1330 585 1356 ‘⁸
627 1330 643 1355 ‘
670 1328 1006 1398 destinavit,
1043 1348 1181 1389 cum
1214 1348 1323 1405 pro
1369 1332 1502 1404 ipso
1537 1331 1890 1403 scripsisset,
1930 1333 2072 1390 dum
2113 1336 2410 1407 prosperis
2444 1342 2637 1393 ubere·
2666 1354 2906 1400 sseklonoe·
2929 1358 2982 1400 of

545 1415 585 1440 ⁶⁶
626 1415 785 1481 ‘nm
832 1420 1035 1472 coum
1071 1416 1269 1488 ipsum
1321 1416 1483 1473 exilii
1507 1412 1862 1474 'alamitae
1902 1435 2267 1490 oppressum,
2317 1436 2418 1477 00⁵
2453 1438 2637 1492 grave
2665 1403 2750 1450 ‘¹²⁰
2772 1407 2975 1460 mm

543 1498 584 1525 u
625 1500 643 1526 ι
667 1504 759 1556 est
791 1499 1078 1567 mmm-i,
1116 1517 1254 1557 oum
1288 1506 1493 1558 contra
1525 1518 1625 1558 eos
1662 1503 1950 1574 scriptum
1992 1503 2091 1570 sit,

824 1632 865 1659 ‘⁸
907 1634 923 1658 ‘
948 1630 1148 1688 Donec
1182 1630 1301 1688 eris
1337 1629 1480 1688 felix
1515 1630 1733 1688 multos
1768 1632 2105 1689 numerabis
2144 1632 2394 1701 amicos;

825 1717 862 1741 “
905 1716 921 1741 ‘
947 1714 1235 1787 Tempora
1269 1713 1322 1772 si
1358 1713 1598 1778 fuerint,
1612 1714 1833 1784 nubila,
1874 1714 2033 1773 solus
2071 1716 2231 1773 eris.’

536 1844 577 1870 “
619 1845 636 1871 ⁸
652 1842 837 1899 Porro
875 1860 1013 1900 cum
1058 1844 1310 1917 pristina
1361 1844 1646 1901 felicitate
1699 1845 2006 1917 gauderet,
2045 1852 2107 1902 et
2154 1845 2466 1919 legationis
2501 1847 2631 1904 vice

535 1928 577 1955 “
618 1929 635 1956 ‘
660 1927 816 1999 apud
867 1946 973 1986 vos
1008 1930 1375 2001 fungeretur,
1432 1946 1565 2002 quae
1611 1946 1872 2001 unquam
1907 1930 2175 1997 ecclesia,
2215 1931 2373 2002 quod
2406 1948 2633 1989 monas-

533 2013 574 2040 “
617 2013 634 2040 *
657 2012 892 2080 terium,
922 2030 1055 2086 quse
1076 2030 1345 2086 persona,
1378 2029 1512 2086 quoe
1534 2012 1803 2086 vulgaris
1840 2020 1942 2070 aut
1963 2013 2195 2080 nobilis,
2224 2031 2404 2086 super
2425 2032 2631 2087 eroga·

532 2097 573 2123 “
612 2097 631 2124 ‘
652 2096 909 2154 tionibus
935 2098 1155 2153 domini
1178 2097 1456 2165 Eliensis,
1483 2096 1581 2154 vel
1604 2097 1991 2154 ecclesiarum
2015 2099 2359 2170 gravamine
2380 2101 2629 2157 verbum

531 2180 572 2206 “
611 2182 628 2208 ‘
652 2178 728 2235 ad
760 2198 867 2237 nos
901 2181 1145 2238 miserat
1179 2182 1278 2239 vel
1315 2182 1615 2254 querelam
1630 2180 1658 2238 Ρ
1729 2181 1946 2239 Omnes
1982 2182 2413 2255 applaudebam
2445 2185 2626 2251 felici,

530 2265 572 2291 “
614 2265 631 2292 ‘
655 2281 857 2322 omnes
904 2271 1275 2323 murmurant
1308 2266 1372 2321 in
1406 2282 1772 2338 oppressum.
1844 2266 2040 2322 Amici
2079 2267 2330 2323 fortunae
2376 2269 2626 2334 fuerant,

530 2349 571 2376 ‘⁸
614 2351 630 2376 ‘
655 2366 792 2405 cum
826 2349 1077 2407 fortunae
1114 2350 1308 2422 gratia
1330 2349 1712 2406 recedentes!
1785 2351 1934 2406 Haec
1959 2350 2198 2422 quidem
2221 2356 2284 2408 et
2304 2352 2493 2408 multa
2514 2352 2631 2408 alia

529 2434 571 2461 “
609 2450 646 2488 a
691 2432 928 2491 domino
975 2452 1129 2507 papa
1178 2435 1466 2506 opposita,
1507 2434 1611 2505 qui
1660 2435 2026 2506 superiorem
2076 2452 2194 2490 non
2241 2436 2438 2503 habet,
2480 2441 2539 2492 et
2583 2453 2623 2491 a

529 2517 571 2544 “
606 2517 880 2590 pontifice
929 2536 1160 2575 summo
1206 2524 1268 2575 et
1296 2518 1520 2591 judice,
1559 2522 1623 2574 et
1655 2518 1826 2589 cujus
1862 2518 2152 2574 voluntati
2186 2536 2359 2575 nemo
2394 2525 2488 2581 est
2523 2523 2626 2592 qui

530 2602 570 2629 ‘⁸
605 2601 865 2659 resistat.
943 2602 1063 2660 Sed
1098 2608 1160 2659 et
1190 2602 1447 2658 multum
1482 2606 1685 2658 contra
1718 2618 1826 2657 nos
1863 2602 2214 2673 quibusdam
2248 2604 2441 2660 iacere
2462 2604 2625 2660 vide-
2653 2630 2752 2675 on„
2767 2631 2882 2686 king

528 2687 569 2714 “
605 2686 799 2752 batur,
826 2688 983 2759 quod
1006 2686 1276 2743 dominus
1300 2703 1406 2742 rex
1427 2686 1493 2742 in
1526 2685 1866 2742 reversione
1888 2691 2089 2743 vestra
2129 2687 2486 2759 supplicavit
2519 2707 2626 2760 pro
2653 2682 2906 2777 fftffkfd
2939 2754 2960 2767 ·

527 2770 568 2799 “
605 2770 772 2827 vobis
831 2777 902 2827 ut
958 2771 1023 2826 in
1070 2770 1452 2827 Normanniae
1504 2769 1770 2841 partibus
1826 2775 1886 2826 et
1938 2770 2168 2826 coeteris
2218 2772 2626 2829 transmarinis
2654 2783 2757 2827 tion
2772 2746 2824 2826 1ss
2841 2746 2958 2828 13⁸3·-

2657 2834 2917 2887 msndyfor

526 2855 568 2882 ‘⁸
605 2854 774 2911 vobis
808 2854 1031 2927 legatio
1065 2855 1430 2911 conferretur
1449 2875 1466 2909 ε
1505 2854 1661 2909 unde
1683 2854 1880 2925 prima
1901 2854 2050 2910 facie
2073 2855 2296 2911 nemini
2317 2855 2628 2914 videbatur
2654 2883 2739 2927 tho
2753 2885 2883 2929 mh,

526 2939 569 2966 ‘⁸
608 2939 766 3011 quod
798 2940 985 3013 regiae
1020 2945 1179 2997 esset
1223 2938 1563 3005 voluntatis,
1603 2955 1707 2995 vos
1756 2939 1821 2994 in
1855 2938 2092 3009 Angliae
2136 2940 2403 3011 partibus
2442 2942 2626 2997 admi-
2650 2934 2819 2989 buhop
2835 2939 2889 2980 ot

2657 2986 2832 3036 Μαι,
2849 2988 2944 3032 and

527 3025 568 3052 ‘⁸
604 3025 1015 3081 nisti-ationem
1073 3025 1324 3091 habere;
1388 3041 1525 3080 cum
1584 3028 1647 3079 et
1667 3107 1681 3121 ·
1698 3023 1938 3096 Anglise
1985 3025 2235 3080 tutelam
2284 3042 2510 3097 gerere,
2569 3034 2630 3083 et
2654 3036 2762 3082 tint
2780 3049 2874 3081 vm

2648 3086 2763 3132 held
2777 3088 2934 3132 incon-

526 3109 567 3136 “
604 3107 919 3181 legationis
970 3108 1225 3165 officium
1259 3108 1324 3163 in
1357 3107 1783 3164 Normanmam
1820 3123 2111 3175 exercere,
2161 3109 2266 3164 uni
2318 3109 2380 3167 et
2435 3111 2627 3167 eidem
2652 3138 2820 3182 sistent.
2835 3140 2952 3183 with

525 3193 566 3220 ‘⁶
602 3190 826 3248 homini
859 3209 970 3249 nec
1021 3192 1195 3249 facile
1241 3209 1351 3248 nec
1397 3196 1739 3264 promptum
1773 3191 2104 3248 videbatur.
2183 3192 2303 3249 Sed
2340 3199 2401 3250 et
2437 3195 2628 3251 forma
2652 3189 2735 3232 the
2750 3190 2955 3234 nomina-

2650 3240 2752 3282 tion
2769 3241 2822 3282 of

525 3276 566 3302 ‘⁶
603 3276 788 3347 regine
821 3275 1167 3342 voluntatis,
1209 3293 1340 3348 quse
1378 3293 1486 3347 pro
1537 3274 1706 3332 vobis
1763 3274 1961 3333 fuerat
2006 3293 2043 3332 a
2089 3293 2232 3348 rege
2279 3279 2627 3336 cancellario
2646 3289 2861 3385 kunneina·
2876 3292 2930 3335 ot

525 3359 566 3386 “
604 3356 911 3426 destinata,
939 3359 1261 3416 senescallo
1283 3358 1664 3415 Normanniae
1687 3376 1724 3414 a
1757 3375 1901 3431 rege
1934 3359 2240 3416 dicebatur
2261 3364 2624 3429 transmissa,

527 3445 567 3470 “
605 3449 676 3500 ut
708 3449 769 3500 et
802 3446 931 3516 ipse
967 3445 1031 3500 in
1052 3443 1434 3501 Normannioe
1456 3443 1725 3517 partibus
1747 3449 1948 3500 vestro
1971 3445 2217 3501 consilio
2239 3445 2588 3518 fungeretur
2607 3472 2623 3505 ε

524 3529 565 3555 “
603 3528 679 3584 ad
729 3547 860 3602 quae
915 3534 977 3587 et
1031 3528 1252 3586 similia
1302 3545 1437 3585 cum
1488 3526 1899 3599 responsiones
1960 3528 2200 3585 idoneas
2253 3529 2623 3599 haberemus,

526 3614 565 3640 “
603 3617 802 3668 tamen
835 3610 1056 3669 domini
1080 3631 1246 3686 papae
1282 3611 1449 3668 favor
1472 3617 1535 3667 et
1558 3609 1916 3682 adjutorium
1939 3610 2003 3666 in
2025 3618 2254 3684 partem
2277 3615 2628 3672 contrariam

524 3697 565 3725 ‘⁶
602 3697 914 3754 nitebatur.
987 3695 1411 3754 Verumtamen
1436 3695 1708 3752 dubitare
1745 3701 1998 3762 coactus,
2025 3701 2154 3752 tum
2190 3696 2266 3752 ad
2286 3697 2626 3756 instantiam

524 3782 566 3809 “
602 3785 867 3837 nostram
919 3785 1051 3838 tum
1104 3780 1494 3838 cardinalium
1532 3779 1869 3850 aliquorum
1906 3795 2052 3851 quos
2087 3779 2152 3835 in
2185 3787 2401 3838 vestrm
2435 3784 2623 3855 partis

524 3868 565 3896 ‘⁸
602 3869 862 3938 gratiam
913 3872 1305 3931 traxeramus,
1367 3864 1766 3923 cardinalibus
1818 3864 2089 3921 omnibus
2140 3868 2512 3939 congregatis
2563 3869 2625 3923 in

523 3953 563 3979 “
601 3969 804 4019 unum,
833 3951 1207 4023 singulorum
1242 3950 1490 4007 consilia
1521 3947 1856 4021 requisivit,
1883 3954 2201 4021 nostroque
2234 3952 2492 4023 negotio,
2521 3952 2624 4008 diu

522 4037 564 4064 “
602 4036 904 4110 suspensis
928 4034 1467 4100 deliberationibus,
1489 4034 1729 4108 agitatO,
1753 4051 1922 4090 suam
1945 4032 2215 4090 dominus
2238 4052 2393 4107 papa
2415 4035 2624 4094 sedens

525 4121 563 4148 “
601 4139 710 4194 pro
755 4118 1039 4178 tribunali
1076 4115 1289 4190 [dedit]
1345 4116 1714 4182 sententiam,
1756 4117 1866 4174 sub
1918 4117 2028 4174 hac
2083 4104 2301 4186 fo'rma3
2341 4124 2501 4193 puta,
2557 4125 2626 4176 ut
2650 4134 2746 4181 The

2693 3340 2879 3393 usland.

2649 4198 2744 4231 ann
2832 4188 2916 4232 the

521 4207 562 4234 ‘⁶
599 4204 862 4262 breviter
898 4209 960 4261 et
994 4205 1335 4260 summatim
1368 4201 1771 4275 procedamus,
1813 4206 1873 4257 et
1908 4201 2322 4259 cancellarium
2358 4222 2395 4260 a
2427 4210 2626 4262 vestra
2649 4239 2958 4283 excommuni-

521 4291 562 4320 “
600 4294 662 4345 et
692 4289 917 4347 domini
950 4288 1446 4360 Bothomagensis
1495 4287 1701 4343 decani
1748 4285 2196 4344 denunciatione
2231 4289 2515 4357 absolvit3
2565 4296 2626 4347 et
2649 4289 2827 4332 “⁸¹⁰⁰-
2843 4302 2904 4333 0¹¹

522 4376 562 4404 ‘⁴
598 4374 732 4432 vice
781 4378 1011 4431 mutata
1063 4372 1412 4431 sententiam
1465 4370 1724 4429 Eliensis
1773 4371 2055 4443 episcopi,
2098 4390 2276 4444 quam
2322 4376 2625 4433 occasione

522 4462 562 4487 ‘⁶
599 4457 969 4532 quarundam
1003 4456 1399 4530 probabilium
1433 4456 1774 4513 litterarum
1811 4455 1876 4511 in
1923 4474 2029 4513 vos
2078 4457 2314 4525 tulerat,
2360 4461 2422 4514 et
2457 4457 2623 4518 deca-

522 4547 561 4572 “
598 4562 760 4610 num,
802 4548 864 4599 et
910 4542 1055 4600 alios
1108 4540 1395 4616 quosdam
1450 4539 1803 4598 cancellario
1857 4538 2110 4607 odiosos,
2162 4541 2387 4598 nullam
2437 4543 2621 4602 fuisse

522 4631 561 4658 ‘⁶
592 4627 903 4701 judicavit.
978 4627 1164 4684 Porro
1201 4625 1472 4682 dominus
1519 4642 1674 4698 papa
1708 4625 1774 4680 in
1812 4641 1922 4680 sua
1954 4625 2276 4697 procedens
2314 4629 2619 4696 sententia,

521 4715 561 4743 “
596 4729 777 4786 super
808 4712 1029 4785 injuria
1061 4710 1420 4767 Eboracensi
1470 4708 1914 4781 archiepiscopo·
1947 4709 2231 4782 irrogata,
2272 4710 2400 4767 sine
2435 4712 2624 4770 forma

522 4799 563 4827 ‘⁸
599 4798 962 4870 praescripta,
1027 4796 1375 4854 cancellario
1431 4794 1853 4867 purgationem
1911 4793 2140 4852 indixit.
2238 4794 2622 4868 Legationem

522 4886 562 4912 ‘⁸
601 4889 798 4942 autem
849 4899 959 4941 neo
1009 4883 1140 4956 ejus
1186 4880 1591 4941 executionem
1644 4876 1884 4945 ademit,
1944 4897 2080 4938 cum
2127 4879 2255 4951 jam
2306 4880 2499 4952 ipsam
2547 4881 2623 4939 ad

2648 4339 2765 4384 both
2780 4339 2915 4386 sides.

2212 4967 2344 5042 02
