3585 5863
652 1086 761 1132 Aa).
777 1087 896 1132 1101.

675 1151 869 1203 August.

617 1214 713 1258 Geo
841 1214 882 1256 is

616 1265 862 1309 forbidden
879 1263 931 1308 to

615 1316 728 1359 land
745 1316 796 1359 in

617 1365 844 1418 England.

950 873 1081 942 210
1766 878 1984 934 ess-m
2025 881 2229 936 ancus

952 1085 1184 1155 scopus
1245 1063 1333 1130 ad
1400 1060 1736 1130 ecclesiam
1804 1079 1995 1127 suam
2059 1060 2157 1126 ire
2216 1055 2579 1138 festinavit,
2627 1077 2908 1145 cumque
2970 1056 3053 1123 ad
3073 1060 3276 1159 ἓξὲξ·

954 1167 1268 1237 Witsand
1312 1166 1603 1233 venisset
1670 1164 1757 1232 ad
1803 1161 2155 1232 transfreta
2163 1162 2372 1229 ndum
2416 1164 2489 1228 in
2534 1162 2866 1249 Angham,
2911 1182 3055 1248 pro·

954 1274 1244 1339 bibitum
1312 1275 1415 1336 est
1482 1269 1545 1336 ei
1608 1290 1693 1335 ex
1753 1273 1944 1355 parte
2011 1266 2331 1334 Willelmi
2402 1266 2685 1332 Eliensis
2751 1265 3054 1352 episcopi,

618 1417 702 1460 the
719 1365 924 1462 chmff’ff
959 1377 1210 1443 domini
1255 1374 1428 1461 regis
1473 1371 1847 1440 cancellarii
1892 1378 1962 1438 et
2005 1369 2214 1437 totius
2258 1369 2521 1458 Angliae
2557 1367 2931 1455 justitiarii,
2974 1388 3057 1434 ne

620 1468 771 1515 oellor.

639 2031 919 2087 September.

622 2238 881 2331 landingaat

623 2289 787 2338 Dover,
829 2289 897 2332 nd

625 2340 784 2383 makes
801 2339 875 2383 his

625 2402 728 2442 way
744 2393 795 2432 to
810 2403 841 2433 a

624 2443 906 2496 monastery.

956 1483 1029 1546 in
1073 1479 1390 1567 Angliam
1435 1482 1666 1544 contra
1724 1479 2208 1542 sacramentum
2255 1473 2432 1562 quod
2475 1472 2616 1560 regi
2659 1473 2907 1539 fecerat
2946 1493 3058 1538 ve-

953 1584 1099 1649 nire
1125 1586 1556 1670 praesumeret
1577 1579 1631 1662 ;ι
1674 1580 1792 1647 sed
1822 1577 2248 1645 Eboracensis
2293 1575 2816 1663 archiepiscopus
2844 1573 3059 1640 noluit

954 1677 1183 1776 parere
1228 1682 1663 1774 prohibitioni
1716 1682 2072 1771 justitiarii
2115 1681 2421 1770 Angliae3
2481 1680 2660 1746 unde
2702 1678 2884 1745 idem
2917 1678 3058 1765 jus-

954 1790 1248 1857 titiarius
1292 1787 1607 1876 praecepit
1674 1808 1825 1852 eum
1891 1784 2374 1873 comprehendi,
2422 1786 2494 1851 et
2559 1783 2804 1853 arctius
2852 1786 3062 1852 custo-

957 1893 1105 1973 diri,
1149 1893 1208 1958 si
1251 1892 1392 1979 ipse
1435 1892 1510 1957 in
1553 1889 1871 1977 Angliam
1917 1888 2353 1978 applicuisset.

1047 1995 1192 2062 Nec
1256 1999 1483 2061 tamen
1546 1992 1977 2060 Eboracensis
2040 1992 2560 2081 archiepiscopus
2619 2013 2661 2058 a
2724 1990 3059 2080 proposito
3081 2006 3277 2106 m

960 2121 1078 2166 suo
1122 2097 1304 2165 flecti
1348 2098 1585 2185 potuit,
1631 2096 1764 2174 sed,
1812 2117 2011 2182 quam
2057 2095 2254 2162 citius
2284 2094 2527 2183 potuit,
2558 2116 2679 2184 per
2706 2094 3057 2161 consilium

961 2207 1031 2270 et
1075 2201 1467 2268 mandatum
1511 2200 1559 2266 J
1561 2199 1842 2266 ohannis
1886 2199 2146 2265 comitis
2206 2197 2559 2265 Meretonii
2611 2197 2841 2265 fratris
2909 2199 3059 2285 ejus,

962 2306 1153 2373 venit
1213 2306 1287 2371 in
1352 2303 1667 2393 Angliam
1735 2308 1807 2369 et
1879 2301 2208 2391 applicuit
2269 2302 2450 2388 apud
2509 2301 2776 2368 Duvere
2840 2323 3063 2369 mense

966 2407 1417 2497 Septembris,²
1477 2412 1548 2473 et
1597 2406 1958 2473 servientes
2018 2404 2322 2496 praedioti
2379 2405 2736 2492 justitiarii
2793 2404 3062 2494 Angliss

965 2514 1306 2579 irruerunt
1349 2516 1432 2577 ut
1473 2531 1626 2577 eum
1671 2513 2023 2597 caperent;
2066 2508 2182 2577 sed
2228 2509 2342 2576 ille
2405 2509 2561 2575 inde
2604 2510 3060 2598 praemunitus,

965 2621 1323 2703 antequam
1391 2616 1474 2680 de
1540 2614 1700 2680 navi
1769 2614 1983 2681 exiret
2033 2612 2327 2679 mutavit
2384 2617 2620 2695 vestes,
2667 2618 2739 2679 et
2800 2634 3065 2679 ascenso

963 2741 1130 2807 equo
1198 2719 1272 2784 in
1341 2717 1528 2804 cujus
1586 2716 1938 2783 velocitate
1997 2715 2389 2799 confidebat,
2437 2717 2525 2782 ad
2592 2716 3063 2783 monachorum

962 2822 1334 2889 coenobium
1398 2820 1691 2907 ejusdem
1748 2821 1932 2887 viJlae
1974 2820 2320 2908 confugit:
2368 2824 2440 2887 et
2485 2823 2626 2886 erat
2670 2819 2864 2907 quasi
2907 2820 3065 2887 hora

963 2926 1097 2994 diei
1139 2929 1347 3004 sexta,
1396 2928 1466 2991 et
1521 2923 1833 2991 monachi
1876 2924 2142 2991 missam
2176 2923 2321 3012 jam
2366 2923 2859 2994 inchoaverant.
2974 2925 3064 2991 Et

960 3050 1110 3097 cum
1170 3026 1502 3117 legeretur
1556 3028 1852 3115 epistola,
1914 3031 1985 3095 et
2041 3031 2435 3116 perventum
2499 3033 2669 3095 esset
2714 3029 2802 3095 ad
2848 3028 3061 3097 locum

962 3131 1036 3197 in
1083 3153 1214 3219 quo
1258 3152 1378 3220 per
1418 3131 1690 3197 beatum
1740 3129 2112 3218 apostolum
2164 3130 2426 3211 dicitur,
2473 3136 2512 3168 “
2531 3132 2649 3217 qui
2707 3132 3063 3199 conturbat
3088 3155 3172 3203 ou
3185 3155 3285 3199 mo.

962 3240 999 3275 “
1044 3255 1165 3301 vos
1220 3234 1517 3322 portabit
1549 3233 1883 3321 judicium
1926 3255 2136 3315 suum,
2182 3234 2555 3322 quicunque
2614 3237 2716 3301 est
2774 3232 2950 3315 iness’
2995 3240 3063 3301 et

961 3336 1123 3403 alibi
1184 3337 1259 3403 in
1321 3336 1551 3403 eadem
1616 3337 1915 3426 epistola,
1981 3342 2018 3374 “
2033 3338 2296 3404 utinam
2340 3341 2413 3404 et
2455 3336 2890 3405 abscidantur
2950 3339 3063 3425 qui

962 3461 1081 3507 vos
1110 3439 1513 3507 conturbant
1537 3438 1600 3523 ;”
1643 3440 1929 3507 intravit
1958 3440 2483 3531 archiepiscopus
2526 3440 2867 3507 ecclesiam
2911 3462 3062 3507 con-

963 3543 1175 3611 fidens
1236 3543 1312 3609 in
1378 3543 1685 3625 Domine,
1760 3547 1833 3610 et
1908 3564 2027 3633 pro
2093 3566 2364 3612 munere
2429 3548 2697 3634 gratum
2771 3544 3061 3611 habebat

967 3648 1437 3736 praenosticum
1500 3646 1687 3728 illud,
1750 3646 2038 3714 referens
2081 3647 2251 3715 illud
2294 3649 2380 3715 ad
2423 3653 2809 3738 perpetuam
2853 3648 3060 3716 beati-

967 3748 1223 3817 tudinis
1267 3751 1495 3830 vitam,
1548 3753 1619 3817 et
1665 3751 2041 3817 cancellarii
2084 3756 2435 3819 venturam
2480 3751 2945 3820 confusionem.

1059 3853 1360 3921 Ministri
1420 3857 1650 3920 autem
1724 3854 2101 3921 cancellarii
2169 3877 2333 3942 quos
2407 3857 2548 3944 ipse
2622 3855 2913 3935 miserat,
2985 3860 3061 3923 ut
3086 3876 3280 3926 novena.

971 3955 1603 4046 comprehenderent
1667 3954 1878 4036 illum,
1930 3956 2330 4025 obsederunt
2396 3958 2727 4025 ecclesiam
2794 3960 2871 4025 in
2933 3981 3061 4048 qua
3084 3930 3274 3978 ’ΜΛ

930 4112 944 4127 .
967 4060 1085 4127 ille
1130 4065 1289 4141 erat,
1336 4081 1457 4147 per
1516 4059 1885 4141 circuitum,
1931 4060 2033 4127 ita
2080 4062 2259 4148 quod
2304 4060 2445 4150 ipse
2490 4063 2670 4128 exire
2713 4058 2871 4128 inde
2929 4085 3061 4129 non

967 4167 1232 4252 poterat
1292 4162 1425 4228 nisi
1484 4184 1604 4251 per
1670 4185 1907 4231 manus
1975 4164 2262 4233 illorum.
2354 4164 2659 4246 Quadam
2708 4187 2871 4233 vero
2916 4162 3061 4232 die⁸

1030 4432 1049 4468 ¹
1107 4432 1221 4486 The
1275 4432 1607 4486 chancellor’s
1660 4432 1970 4500 prohibition
2127 4434 2150 4468 2
2184 4432 2320 4502 Sept.
2347 4440 2426 4487 14.
2492 4436 2559 4489 B.
2594 4438 2657 4490 de
2688 4436 2891 4503 Diceto,
2926 4443 3056 4502 6⁶³3

967 4515 1238 4567 addressed
1268 4521 1323 4565 to
1350 4514 1434 4565 the
1469 4511 1648 4565 sheriff
1676 4514 1735 4564 of
1764 4514 1973 4578 Sussex,
2063 4512 2301 4578 Gervase,
2325 4518 2469 4568 1576.

965 4595 1258 4660 forbidding
1300 4593 1409 4643 him
1449 4598 1504 4644 to
1542 4594 1697 4644 suffer
1731 4586 1973 4661 Geoffrey
2128 4594 2150 4628 ⁸
2185 4596 2422 4663 Geoffrey
2458 4610 2562 4648 was
2605 4600 2829 4651 amsted
2873 4615 2941 4652 on
2977 4598 3057 4650 the

966 4680 1021 4725 to
1053 4673 1191 4735 land,
1215 4672 1259 4723 is
1294 4672 1444 4723 dated
1482 4678 1535 4723 at
1574 4672 1808 4736 Preston,
1842 4674 1973 4739 July
2068 4676 2188 4725 leth
2224 4676 2283 4726 of
2309 4676 2617 4742 September.
2682 4679 2746 4730 B.
2770 4680 2836 4732 de
2862 4680 3057 4742 Diceto,

963 4758 1047 4804 80.
1115 4752 1226 4804 Gir.
1272 4751 1450 4804 Camb.
1499 4750 1675 4819 (Anql.
1723 4751 1871 4808 Sacr.
1914 4753 1972 4808 ii.
2066 4757 2202 4817 6633
2237 4755 2392 4809 Gerr.
2419 4758 2564 4810 1576.

965 4834 1131 4897 390);
1166 4832 1233 4883 Β.
1255 4832 1319 4884 de
1339 4830 1537 4894 niceto,
1562 4835 1676 4883 662.
