3585 5863
379 1126 624 1223 gfff·

1422 937 1629 988 nums
1649 936 2125 987 romanum.
2734 919 2824 992 ’77

723 1109 992 1174 fuerunt
1066 1114 1134 1173 et
1210 1131 1483 1176 numero
1557 1116 1627 1176 et
1700 1111 1989 1198 pondere
2064 1110 2408 1197 plusquam
2484 1114 2823 1196 nongenta
2880 1116 3123 1217 Δίῡυὰὲξξθ·

721 1210 931 1276 millia
973 1211 1294 1277 librarum
1316 1211 1343 1250 ¹
1386 1213 1461 1277 in
1504 1234 1668 1279 auro
1712 1219 1782 1279 et
1827 1218 2115 1300 argento
2886 1198 3129 1275 ‹2140ssae

813 1312 1071 1379 Deinde
1116 1314 1409 1401 perrexit
1452 1314 1533 1381 de
1577 1315 1718 1381 loco
1763 1316 1851 1380 ad
1913 1316 2129 1381 locum
2198 1315 2552 1401 spatiando
2614 1335 2821 1400 usque
2846 1330 3063 1425 m
3078 1333 3130 1375 or

724 1415 809 1480 ad
855 1415 1032 1481 diem
1077 1417 1516 1483 coronationis
1559 1439 1735 1484 suae:
1802 1421 1873 1483 et
1915 1417 2070 1483 fecit
2131 1417 2404 1483 interim
2465 1416 2823 1504 praeparari
2909 1394 2934 1425 ⁰

723 1519 978 1605 copiose
1024 1520 1247 1584 omnia
1291 1541 1442 1605 quae
1486 1524 1679 1585 erant
1723 1520 2135 1586 coronationi
2180 1542 2319 1585 suae
2362 1518 2745 1585 necessaria.

812 1618 838 1657 ²
857 1620 1137 1688 Interim
1188 1622 1463 1706 quidam
1528 1622 1992 1689 canonicorum
2040 1621 2474 1689 Eboracensis
2520 1621 2820 1699 ecclesiae,
2870 1632 3049 1685 August
3064 1636 3131 1677 1⁰·

725 1744 841 1809 per
925 1723 1315 1789 mandatum
1390 1723 1590 1801 ducis,
1664 1723 1738 1787 in
1829 1723 2339 1809 metropolitana
2418 1722 2824 1803 ,Eboraoensi
2846 1695 3160 1791 ἓῗὲτσᾶἷῖι-οιι-

723 1825 991 1890 ecclesia
1033 1825 1432 1913 congregati,
1479 1825 1567 1891 ad
1609 1825 1983 1912 eligendum
2048 1825 2180 1890 sibi
2225 1828 2295 1890 et
2338 1825 2625 1891 ecclesiae
2686 1848 2822 1891 suae
2845 1797 3011 1891 i'rigffl'
3028 1799 3080 1841 οἵ

725 1932 1070 2014 pastorem,
1142 1927 1250 1993 die
1294 1927 1524 1994 Sancti
1569 1927 1934 2006 Laurentii,
1979 1927 2144 1993 feria
2186 1928 2437 2013 quinta,
2486 1928 2825 2015 elegerunt

727 2029 1097 2095 Galfridum
1140 2029 1317 2116 regis
1362 2029 1644 2097 Henrici
1685 2029 1917 2109 filium,
1965 2030 2297 2114 quondam
2345 2029 2825 2097 Lincolniensis

727 2132 1007 2198 ecclesiae
1052 2131 1344 2197 electum.
1438 2131 1529 2196 Et
1573 2136 1843 2197 cantato
1908 2130 2033 2196 hoc
2094 2130 2361 2216 hymno,
2408 2140 2443 2166 “
2467 2131 2559 2196 Te
2605 2131 2818 2198 Deum

607 2276 622 2287 -
729 2239 764 2269 “
807 2233 1205 2311 laudamu5,’'
1233 2233 1478 2322 scripto
1509 2239 1580 2300 et
1608 2232 1845 2320 sigillis
1888 2234 2043 2312 suis,
2076 2239 2145 2299 et
2190 2233 2469 2299 aliorum
2515 2234 2825 2301 honesto-

724 2358 868 2401 rum
913 2337 1208 2402 virorum
1252 2340 1324 2401 et
1366 2336 1820 2422 religiosorum
1864 2337 2108 2422 scripto
2154 2342 2223 2403 et
2268 2337 2519 2423 sigillis,
2563 2336 2826 2403 electio-

725 2460 877 2504 nem
921 2438 1104 2503 illam
1150 2438 1558 2504 sollemniter
1602 2437 2209 2503 corroboraverunt.
2307 2437 2400 2503 Et
2432 2438 2828 2504 Godefridus
2884 2474 2888 2479 ·

726 2542 807 2606 de
855 2541 1035 2620 Luci,
1080 2540 1430 2606 canonicus
1474 2545 1543 2605 et
1605 2538 2100 2605 archidiaconus
2167 2539 2451 2605 ecclesiae
2513 2540 2823 2625 ejusdem,

726 2644 1026 2729 quamvis
1089 2644 1340 2720 absens,
1417 2647 1642 2708 tamen
1717 2641 1982 2707 litteras
2048 2641 2544 2707 ratihabitionis
2623 2643 2825 2723 misit,

725 2746 1044 2811 mandans
1089 2766 1157 2810 se
1201 2751 1419 2810 ratam
1463 2744 1706 2809 habere
1751 2743 1940 2808 illam
1985 2744 2388 2810 electionem.
2497 2745 2629 2810 Sed
2688 2767 2825 2810 ma-
2847 2754 3033 2849 iffi&

726 2848 930 2936 gister
973 2846 1512 2924 Bartholomaeus
1558 2845 1826 2911 clericus
1871 2850 1940 2911 et
1986 2845 2278 2912 officialis
2322 2845 2614 2913 Huberti
2644 2847 2823 2913 Wal-
2847 2867 2876 2949 g
2890 2855 3137 2957 ffigfhe

725 2952 865 3032 teri,
896 2950 1191 3036 ejusdem
1236 2950 1522 3016 ecclesiae
1568 2949 1815 3028 decani,
1848 2949 1964 3035 qui
1991 2970 2166 3015 unus
2195 2956 2340 3017 erat
2372 2951 2452 3017 de
2495 2950 2825 3038 prioribus
2847 2958 3143 3060 Ἦρξε

725 3053 965 3133 electiS‚
1041 3052 1278 3118 videns
1352 3052 1493 3118 haec
1568 3052 1791 3117 omnia
1852 3052 2031 3117 facta
2103 3052 2304 3118 fuisse
2377 3052 2451 3118 in
2525 3054 2827 3120 absentia

726 3155 976 3220 domini
1020 3155 1138 3233 sui,
1187 3159 1256 3220 et
1321 3153 1576 3219 domini
1640 3153 1947 3240 Hugonis
1993 3153 2460 3221 Dunelmensis
2521 3156 2826 3244 episcopi,

726 3263 796 3324 et
838 3258 1202 3324 multorum
1247 3257 1708 3322 canonicorum
1755 3254 2047 3341 ejusdem
2093 3256 2419 3338 ecclesiae;
2464 3263 2621 3323 ante
2665 3258 2825 3324 elec-

725 3360 972 3427 tionem
1018 3366 1086 3428 et
1131 3364 1280 3446 post
1308 3357 1673 3444 appellavit
1718 3357 1808 3422 ad
1850 3358 2272 3443 praesentiam
2318 3361 2560 3425 summi
2604 3361 2825 3447 ponti-

724 3461 865 3527 ficis
911 3482 1136 3527 omnes
1190 3460 1308 3547 qui
1353 3458 1652 3546 praefatae
1698 3458 2004 3524 electioni
2048 3467 2542 3543 consenserant3
2604 3463 2825 3528 dicens

723 3564 905 3629 illam
949 3563 1169 3628 minus
1212 3561 1703 3627 rationabiliter
1760 3560 2005 3626 factam
2049 3561 2247 3627 fuisse
2293 3584 2492 3649 quam
2538 3563 2823 3642 deberet,
2954 3599 2959 3605 ·

725 3672 991 3755 propter
1034 3664 1404 3733 absentiam
1450 3662 1921 3729 Dunelmensis
1966 3664 2251 3751 episcopi
2296 3670 2366 3730 ct
2395 3664 2824 3732 Eboracensis

727 3770 1006 3835 ecclesiae
1047 3775 1052 3792 ⁴
1093 3766 1339 3844 decani,
1418 3770 1486 3832 et
1559 3765 1842 3851 aliorum
1930 3766 2289 3831 multorum
2365 3766 2823 3832 canonicorum

725 3873 1015 3957 ejusdem
1043 3870 1345 3949 ecclesiae,
1379 3889 1657 3954 quorum
1688 3873 1834 3933 erat
1862 3868 1945 3933 de
1980 3868 2132 3954 jure
2160 3869 2475 3934 interesse
2505 3868 2822 3936 electioni.
2930 3955 2935 3960 ‚

723 3976 1019 4042 Audiens
1083 3994 1236 4060 ergo
1282 3970 1631 4036 Hubertus
1677 3970 1934 4038 Walter
2000 3992 2147 4057 quse
2213 3971 2391 4058 apud
2458 3970 2825 4037 Eboracum

724 4078 993 4156 fiebant,
1047 4074 1414 4163 appellavit
1493 4072 1853 4140 Wintoniae
1928 4073 2015 4138 ad
2088 4074 2511 4160 praesentiam
2583 4074 2824 4139 summi

725 4180 1066 4268 pontificiS,
1114 4182 1184 4242 et
1227 4175 1736 4264 appellationem
1782 4198 1980 4261 quam
2045 4175 2338 4241 officialis
2382 4197 2541 4242 suus
2584 4175 2826 4241 fecerat

726 4282 1094 4360 renovavit,
1142 4300 1359 4346 coram
1407 4278 1697 4342 Henrico
1745 4276 2105 4361 Bajocensi,
2151 4284 2220 4343 et
2248 4278 2296 4343 ,J
2299 4278 2557 4344 ohanne
2589 4279 2823 4344 Ebroi-

727 4386 918 4464 censi,
952 4389 1023 4451 et
1069 4382 1407 4448 Gileberto
1455 4379 1745 4459 Rofensi,
1794 4384 1864 4444 et
1892 4379 2226 4445 Willelmo
2273 4380 2709 4468 wigornensi,
2755 4385 2826 4451 et

1227 4539 1318 4546 ς»-
1339 4537 1528 4545 -..ἢ-..ῳ

793 4622 810 4654 ¹
847 4626 877 4651 “
895 4624 1144 4673 excedens
1176 4633 1442 4669 numerum
1477 4625 1529 4667 et
1548 4617 1723 4667 valen-
1823 4615 1989 4668 action
2037 4616 2081 4666 is
2119 4633 2244 4682 very
2281 4617 2433 4669 much
2471 4618 2668 4669 shorter
2698 4619 2823 4669 than

724 4707 760 4732 “
792 4701 917 4752 tiam
952 4707 1156 4751 centnm
1192 4697 1357 4748 millia
1397 4696 1725 4748 marcarum.’'
1822 4696 1933 4746 that
1970 4696 2027 4746 in
2061 4695 2147 4746 the
2187 4703 2314 4756 text,
2350 4699 2453 4749 and
2486 4697 2533 4748 is
2564 4698 2824 4765 evidently

725 4781 969 4833 Hoveden
995 4780 1097 4841 (ed.
1125 4776 1353 4839 Saville).
1825 4775 2068 4840 abridged
2093 4774 2224 4826 from
2247 4774 2300 4825 it.

792 4859 814 4891 ²
838 4858 1122 4910 Hoveden's
1145 4862 1362 4908 account
1380 4853 1439 4906 of
1455 4853 1554 4905 this
1568 4861 1727 4905 trans-
