3585 5863
260 1375 481 1421 Antrum

287 1428 393 1469 'ven
410 1427 462 1468 in

308 1476 502 1528 woden,

263 1531 491 1572 3628·ssss-

1309 918 1614 970 Humum
1655 918 1980 972 suenum.
2623 906 2655 968 1
2666 906 2701 967 1

907 1212 947 1237 ‘⁸
986 1209 1255 1282 Epistola
1291 1207 1681 1264 Jawuensium
1716 1208 1796 1264 ad
1837 1209 2124 1265 Urbanum
2149 1207 2409 1282 papam)

674 1354 714 1380 ‘⁴
751 1350 1031 1407 Piissimo
1069 1351 1227 1422 patri
1279 1355 1340 1405 et
1392 1350 1627 1405 domino
1665 1350 1924 1417 Urbano,
1965 1350 2078 1405 Dei
2126 1349 2320 1422 gratia
2375 1348 2602 1405 Sanctae
2653 1354 2716 1405 et
2768 1352 3009 1398 A·D·118⁷·

604 1437 643 1463 “
681 1434 1049 1491 Universalis
1086 1435 1371 1490 Ecclesiae
1406 1433 1633 1506 pastori
1672 1435 2044 1505 dignissimO,
2086 1433 2125 1488 J
2128 1452 2413 1489 anuenses
2451 1434 2523 1488 de
2560 1451 2712 1488 com·
2736 1419 2834 1462 The
2847 1420 3050 1463 Gonoese

2738 1471 2871 1513 write
2890 1474 2939 1514 to
2956 1471 3038 1515 the

606 1523 644 1547 ‘⁴
683 1520 847 1574 muni
882 1519 1142 1574 debitam
1176 1519 1240 1573 in
1276 1518 1544 1573 omnibus
1583 1536 1718 1574 cum
1755 1518 2116 1590 subjectione
2150 1517 2561 1574 reverentiam.
2622 1518 2713 1571 Ex
2733 1532 2851 1573 nove
2867 1523 2950 1565 the

2737 1572 2918 1632 history
2933 1574 2986 1615 of

608 1606 646 1630 ‘¹
685 1603 935 1659 celebris
990 1604 1163 1658 famae
1213 1603 1427 1667 relatu,
1487 1602 1861 1658 sanctissime
1912 1607 2098 1673 pater,
2157 1607 2219 1657 et
2270 1602 2514 1673 lugubri
2563 1602 2711 1657 civis
2737 1622 2817 1665 the
2834 1624 3040 1666 invasion

609 1690 648 1715 “
684 1687 871 1743 nostri
908 1688 980 1742 de
1016 1687 1423 1742 ultramarinis
1463 1687 1732 1759 partibus
1769 1686 2076 1741 redeuntis
2111 1686 2465 1750 narratione,
2505 1685 2712 1740 didici·
2738 1675 2789 1716 ⁰¹
2806 1674 3052 1718 Palaestine.

610 1775 648 1800 “
687 1791 818 1828 mus
866 1772 1095 1843 judicia
1148 1790 1281 1843 quae
1332 1778 1608 1844 operatus
1663 1777 1755 1827 est
1810 1772 1972 1827 Deus
2027 1772 2091 1827 in
2142 1772 2411 1842 partibus
2459 1770 2583 1825 illis
2619 1771 2716 1825 his

611 1859 650 1883 ‘⁶
692 1856 917 1922 diebus,
958 1860 1017 1911 et
1053 1855 1344 1928 quomodo
1381 1860 1731 1927 provocatus
1762 1856 2022 1927 peccatis
2057 1857 2278 1912 nostris
2315 1861 2448 1910 ante
2483 1860 2717 1926 tempus

613 1944 651 1968 “
693 1940 1117 2012 quodammodo
1164 1942 1331 1996 visus
1385 1946 1479 1997 est
1521 1940 1794 2013 judicare
1848 1941 2051 1995 orbem
2105 1947 2282 1997 terrae
2317 1940 2381 1995 in
2416 1940 2714 2011 aequitate,

611 2028 649 2051 ‘⁴
690 2025 794 2079 sed
827 2025 1253 2080 misericordiae
1292 2024 1428 2079 Suae
1483 2025 1723 2081 oblitus.
1803 2024 1961 2079 Dum
2016 2025 2174 2080 enim
2226 2042 2332 2080 rex
2377 2024 2718 2095 Babylonia)

605 2111 643 2136 ‘⁴
685 2108 995 2163 Saladinus
1049 2126 1186 2163 cum
1239 2109 1539 2178 octoginta
1590 2108 1858 2164 millibus
1913 2109 2173 2164 militum
2228 2113 2289 2163 et
2339 2125 2407 2163 eo
2443 2108 2715 2180 amplius,

608 2197 645 2219 “
686 2191 1019 2264 insequenti
1068 2192 1164 2246 die
1211 2191 1466 2247 Veneris
1516 2198 1653 2263 post
1704 2193 1926 2247 festum
1976 2193 2398 2264 Apostolorum
2447 2192 2612 2246 Petri
2661 2196 2722 2247 et
2743 2199 3053 2252 Ju1y8,82.1ae

2745 2250 2828 2293 din
2845 2250 2955 2293 took

608 2280 643 2302 ‘⁴
685 2276 876 2342 Pauli,
916 2280 1139 2331 terram
1177 2274 1514 2331 Jerusalem
1556 2277 1856 2342 intrasset,
1899 2282 1960 2332 et
1995 2277 2310 2331 Tabariam
2345 2276 2406 2331 vi
2443 2277 2715 2347 cepisset,
2745 2301 2950 2343 Tiberias
2965 2300 3028 2342 ,ῃ

609 2364 645 2386 “
686 2366 928 2432 excepta
963 2361 1143 2415 castri
1178 2348 1525 2425 munitione,
1585 2378 1703 2431 qua
1757 2377 1820 2415 se
1871 2360 2144 2415 domina²
2178 2360 2295 2415 loci
2344 2378 2480 2415 cum
2514 2360 2718 2431 pau‘cis
2742 2351 2930 2445 &the
2946 2350 3056 2394 ⁰¹⁶⁸·

609 2446 646 2471 ‘⁶
685 2444 978 2499 militibus
1016 2450 1339 2515 receperat,
1380 2445 1658 2499 nunciata
1694 2449 1834 2499 sunt
1880 2445 2012 2514 regi
2049 2461 2180 2514 quae
2217 2443 2567 2499 acciderant.
2642 2444 2722 2499 Et

611 2530 647 2554 “
688 2545 826 2582 cum
860 2527 980 2599 ipsi
1016 2528 1150 2599 regi
1186 2528 1384 2599 potius
1436 2527 1730 2583 assideret
1780 2527 1854 2581 de
1905 2527 2240 2582 muniendis
2284 2528 2625 2583 civitatibus
2663 2536 2724 2582 et

610 2615 647 2639 ‘⁶
687 2611 852 2677 locis,
894 2629 1074 2683 quam
1109 2611 1256 2666 adeo
1281 2612 1476 2667 subito
1531 2629 1595 2666 se
1650 2611 1982 2666 discrimini
2032 2629 2246 2683 pugnae
2282 2611 2558 2683 objicere,
2598 2617 2722 2666 tan·

611 2698 650 2723 ‘⁴
690 2695 826 2750 dem
862 2695 934 2750 de
972 2695 1219 2750 consilio
1255 2696 1488 2750 comitis
1515 2696 1589 2750 de
1612 2695 1841 2766 Tripes,
1872 2696 1974 2765 qui
2012 2714 2146 2751 cum
2185 2714 2252 2751 eo
2288 2714 2476 2767 nuper
2501 2696 2724 2752 foedera
2745 2717 2843 2761 ‘mm
2859 2718 3003 2761 count

613 2782 650 2807 “
687 2780 851 2851 pacis
888 2780 1119 2843 inierat,
1166 2779 1241 2834 ad
1293 2778 1635 2835 instantiam
1677 2779 1932 2844 Milium,
1978 2798 2113 2835 cum
2148 2780 2427 2850 lacrymis
2464 2779 2723 2835 domino-
2748 2769 2799 2811 θ’
2813 2768 2985 2820 Tripoli

2747 2818 2908 2871 guides
2926 2819 3006 2862 tho

614 2866 652 2891 “
688 2880 825 2917 rum
861 2863 934 2917 de
970 2862 1281 2929 Tabernia,
1322 2863 1425 2935 qui
1465 2863 1540 2918 ad
1580 2880 1930 2919 succursum
1966 2865 2176 2920 matris
2213 2864 2582 2930 anhelabant,
2621 2882 2724 2919 rex
2748 2881 2876 2921 army
2894 2870 2994 2913 into
3011 2881 3040 2912 a

616 2951 652 2975 ‘⁶
690 2948 979 3018 processit
1036 2965 1245 3004 versus
1306 2948 1677 3004 Taberniam.
1768 2948 2062 3020 Deinceps
2115 2966 2329 3015 comes,
2370 2954 2431 3005 et
2490 2950 2608 3004 dux
2666 2956 2727 3005 et
2749 2920 3004 2974 ‹langen-ons

2782 2972 2893 3021 lace,
2903 2972 3056 3016 where

617 3035 654 3059 “
693 3032 949 3104 praevius
986 3027 1239 3098 itineris,
1278 3037 1470 3087 totum
1510 3031 1835 3087 exercitum
1870 3033 1934 3086 in
1971 3032 2325 3089 eminentem
2360 3039 2422 3089 et
2457 3051 2728 3089 saxosum
2751 2984 2835 3065 {¹²⁶
2851 3022 2963 3074 ΗΠΒ
2981 3024 3022 3065 is

2755 3073 2912 3116 forced
2927 3077 2978 3117 to

619 3120 656 3142 “
693 3116 891 3171 locum
927 3116 1256 3172 constituit.
1331 3115 1429 3170 Ibi
1464 3134 1608 3172 vero
1643 3116 2090 3172 imminentibus
2126 3118 2396 3173 hostibus
2444 3117 2724 3189 undique,
2755 3124 2903 3176 ssight.

619 3203 656 3226 ‘⁴
694 3200 1045 3255 necessitate
1082 3199 1422 3271 compulsus
1458 3217 1564 3254 rex
1605 3200 1678 3254 de
1714 3200 2000 3255 baronum
2037 3202 2282 3256 consilio
2316 3201 2541 3257 bellum
2577 3220 2730 3258 com·

620 3287 656 3311 “
696 3285 933 3340 mittere
969 3283 1219 3352 dignum
1255 3283 1441 3349 duxit,
1483 3289 1545 3338 et
1596 3283 1671 3338 ad
1719 3301 1924 3338 eorum
1960 3285 2299 3341 instantiam
2334 3288 2623 3358 magistro
2671 3291 2731 3341 et

621 3371 658 3395 ‘⁴
696 3367 987 3423 militibus
1023 3367 1256 3438 Templi
1291 3368 1514 3439 primos
1550 3366 1705 3423 ictus
1742 3370 2062 3435 concessit;
2102 3369 2405 3441 dispositis
2442 3389 2548 3442 per
2574 3372 2729 3427 acies

620 3455 658 3478 “
696 3452 874 3507 certis
910 3450 1203 3506 militibus
1240 3451 1448 3506 ordine
1485 3469 1593 3507 suo
1633 3451 1708 3507 ad
1747 3452 2154 3523 pugnandum,
2194 3458 2255 3509 et
2288 3454 2492 3509 comiti
2528 3455 2731 3527 Tripo-

622 3539 659 3562 “
697 3535 881 3591 litano
951 3535 1302 3606 caeterisque
1375 3535 1666 3607 capitibus
1738 3536 2094 3591 bellatorum
2163 3537 2400 3592 vexillis
2471 3539 2726 3595 traditis.

624 3623 661 3647 ‘⁸
700 3620 913 3690 Itaque
945 3617 1166 3675 militia
1198 3620 1452 3691 Templi,
1482 3620 1640 3675 sicut
1672 3619 1768 3675 leo
1807 3620 1979 3676 fortis
2015 3619 2080 3675 in
2113 3621 2315 3677 hostes
2353 3640 2727 3689 concurrens,

626 3706 664 3732 ‘⁶
702 3710 931 3775 partem
969 3703 1201 3769 stravit,
1238 3709 1469 3775 partem
1507 3704 1761 3776 fugavit.
1841 3704 2060 3762 Oaeteri
2113 3723 2274 3770 vern,
2314 3707 2483 3776 regio
2535 3713 2731 3778 spreto
2823 3705 2936 3759 me
2951 3711 2993 3750 4·

626 3789 665 3815 “
703 3788 995 3854 mandatO,
1020 3805 1131 3843 neo
1154 3795 1569 3859 processerunt
1605 3789 1682 3844 ad
1717 3807 1979 3860 pugnam
2001 3807 2110 3844 nec
2144 3789 2336 3844 ullum
2372 3791 2459 3846 eis
2495 3795 2732 3862 praesta-
2755 3768 3050 3873 ffifflsh

626 3875 664 3899 ‘⁴
703 3891 841 3928 vere
893 3889 1262 3938 succursum,
1301 3872 1457 3927 unde
1511 3872 1733 3929 milites
1788 3872 2020 3945 Templi
2072 3875 2289 3930 retenti
2342 3880 2405 3930 et
2450 3875 2731 3931 trucidati
2756 3870 2850 3913 ⁸¹¹⁶
2868 3871 2951 3914 tho
3056 3852 3068 3870 ⁹

2756 3932 2884 3973 army
2903 3921 2943 3963 is

630 3960 666 3983 ‘⁶
705 3960 859 4012 sunt.
935 3956 1318 4012 Postmodum
1345 3955 1818 4012 Christianorum
1842 3957 2164 4013 exercitum
2197 3958 2489 4016 laborioso
2522 3958 2733 4014 itinere
2755 3971 2972 4015 hemmed
2989 3971 3052 4014 in.

631 4042 669 4067 “
707 4041 1056 4104 confectum,
1097 4045 1158 4095 et
1190 4039 1375 4094 nimio
1432 4040 1625 4096 calore
1677 4046 2136 4113 praegravatum,
2177 4061 2333 4114 aqua
2366 4044 2600 4099 omnino
2637 4044 2735 4099 de-

633 4126 671 4151 “
710 4124 958 4189 ficiente,
988 4123 1198 4179 Parthi
1236 4124 1376 4195 igne
1402 4124 1937 4182 circumdederunt.
2014 4126 2177 4182 Tunc
2202 4145 2304 4183 sex
2339 4145 2410 4182 ex
2443 4128 2734 4184 militibus

636 4209 671 4233 “
709 4209 891 4280 regis,
931 4208 1161 4263 scilicet
1210 4207 1585 4264 Baldewinus
1642 4210 1715 4264 de
1769 4209 2049 4275 Fortuna,
2090 4215 2152 4266 et
2197 4210 2447 4266 Raulfus
2499 4212 2734 4269 Buceus

928 4384 1039 4389 .---
1674 4385 1844 4392 --2-0—
1881 4386 1954 4391 -—
2035 4387 2072 4392 -—
2113 4387 2334 4393 -m-—zn-
2369 4389 2402 4394 -ν
2647 4391 2730 4397 q—

701 4482 717 4516 ¹
753 4482 880 4533 This
901 4482 945 4532 is
968 4498 1062 4533 one
1084 4481 1141 4532 of
1156 4482 1244 4532 the
1278 4482 1373 4533 few
1395 4482 1569 4534 letters
1591 4484 1649 4534 of
1738 4491 1815 4537 10.
1886 4485 1983 4537 See
2027 4486 2322 4540 Memoriales
2378 4489 2436 4541 of
2483 4491 2631 4544 Rich.
2676 4494 2738 4559 L,

638 4563 804 4614 which
848 4561 935 4613 the
973 4576 1116 4612 sense
1154 4563 1276 4628 only
1314 4562 1357 4614 is
1398 4561 1549 4630 given
1590 4562 1644 4613 in
1733 4565 1833 4615 vol.
1857 4565 1907 4626 i.,
1929 4567 2069 4633 proef.
2093 4567 2259 4620 lxxiii.

642 4642 903 4704 Hoveden,
922 4640 1091 4692 vhilst
1123 4657 1220 4692 our
1252 4641 1520 4694 Chronicle
1550 4643 1644 4693 has
1801 4643 1823 4676 ⁹
1854 4643 2074 4712 domina]
2141 4647 2375 4711 Eschiva,
2422 4649 2534 4703 wife
2568 4652 2625 4704 of
2651 4653 2738 4706 the

644 4722 728 4772 the
747 4729 857 4772 text
877 4720 929 4770 in
948 4719 1057 4772 fun.
1124 4721 1176 4772 It
1208 4721 1251 4772 is
1284 4722 1434 4788 given
1466 4722 1518 4772 in
1551 4721 1646 4772 full
1735 4732 1889 4775 count
1909 4724 1968 4774 of
1985 4724 2191 4791 Tripoli.
2251 4728 2347 4781 See
2368 4731 2543 4796 above,
2566 4733 2664 4785 vol.
2687 4733 2738 4786 ia

646 4801 749 4852 also
770 4801 823 4850 in
843 4801 930 4851 the
953 4799 1305 4853 Continuation
1338 4803 1396 4854 of
1422 4801 1647 4854 william
1734 4818 1786 4869 p.
1810 4807 1926 4867 369,
1946 4811 2064 4856 note
2086 4806 2118 4855 ¹.

648 4879 704 4931 of
717 4878 877 4946 Tyre,
894 4879 1014 4934 MS.
1042 4880 1134 4933 Br.
1155 4880 1316 4947 Mus„
1346 4883 1473 4950 Reg.
1501 4887 1565 4932 14
1586 4879 1645 4934 C.
