3585 5863
748 865 834 927 94
1566 875 1781 928 essu
1827 878 2032 929 ancus

446 1071 557 1116 Μ).
572 1073 688 1118 1189.
744 1073 865 1117 rex
906 1052 1235 1117 modicum
1268 1050 1556 1116 habebat
1601 1050 1993 1133 exercitum,
2025 1053 2269 1139 pagani
2300 1054 2415 1139 qui
2462 1055 2535 1119 in
2577 1054 2857 1121 civitate
2880 1061 3120 1117 nov-em,

413 1123 670 1239 Βιξέἓΐῗι·
744 1154 935 1220 Acrae
979 1158 1184 1232 erant,
1232 1174 1369 1218 non
1429 1153 1809 1219 clauserunt
1853 1159 2078 1240 portas
2139 1154 2453 1235 civitatis,
2512 1177 2724 1243 neque
2771 1158 2856 1223 de
2879 1114 2971 1158 ω’
2988 1124 3030 1156 ⁸³
3048 1117 3116 1158 ω’

411 1237 543 1282 ΔΜ·
748 1256 854 1321 die
897 1277 1110 1342 neque
1168 1255 1251 1321 de
1307 1259 1517 1333 nocte,
1564 1255 1681 1325 sed
1749 1255 1947 1323 ibant
2015 1260 2085 1321 et
2145 1257 2660 1325 revertebantur
2703 1281 2855 1325 cum

747 1359 1007 1424 camelis
1051 1357 1203 1439 suis,
1250 1357 1664 1425 attrahentes
1694 1358 1789 1423 eis
1821 1358 2145 1424 victualia
2190 1365 2261 1425 et
2304 1360 2438 1426 alia
2466 1382 2618 1448 quae
2663 1368 2857 1428 erant

413 1484 593 1529 Arrivn
611 1485 662 1527 or
746 1463 840 1527 eis
886 1461 1256 1527 necessaria.
1346 1459 1572 1526 Tertia
1615 1465 1843 1525 autem
1889 1459 1997 1527 die
2042 1463 2347 1546 sequenti
2392 1463 2858 1549 applicuerunt

412 1547 685 1630 gggcrusa-
748 1565 925 1650 apud
983 1563 1227 1629 Acram
1271 1582 1488 1628 comes
1549 1562 1882 1628 Robertus
1944 1563 2025 1628 de
2072 1564 2304 1645 Drues,
2353 1569 2424 1630 et
2477 1565 2811 1631 Robertus
2828 1565 2854 1605 ¹

750 1666 1088 1753 episcopus
1132 1664 1550 1731 Belvacensis
1594 1663 1800 1731 frater
1841 1664 2000 1751 ejus,
2046 1671 2117 1733 et
2160 1687 2376 1732 comes
2419 1667 2735 1733 Airaldus
2771 1668 2853 1734 de

749 1767 1041 1846 Breues,⁹
1084 1771 1154 1837 et
1198 1767 1247 1831 J
1247 1768 1406 1832 akes
1451 1766 1534 1832 de
1580 1765 1931 1845 Avennis‚⁸
1977 1772 2048 1833 et
2093 1767 2209 1832 alii
2250 1768 2453 1835 multi
2506 1790 2657 1837 cum
2704 1769 2853 1849 illis,

750 1871 832 1935 de
891 1891 1169 1956 quorum
1235 1869 1537 1935 adventu
1582 1888 1702 1935 rex
1764 1872 1835 1933 et
1877 1869 1996 1955 qui
2056 1891 2206 1936 cum
2266 1892 2343 1937 eo
2388 1877 2581 1937 erant
2641 1872 2854 1958 gavisi

750 1977 910 2038 sunt
954 1971 1197 2059 gaudio
1249 1992 1508 2058 magno,

493 2081 581 2125 00¹⁵
611 2085 651 2125 4
839 2073 1123 2140 Interim
1167 2073 1521 2141 Saladinus
1568 2094 1811 2158 magno
1872 2080 2274 2162 congregato
2319 2076 2620 2142 exercitu
2665 2077 2855 2143 venit
2878 2095 3116 2147 novacen,

413 2131 573 2175 natue
584 2112 664 2175 'bo-
1568 2175 1582 2190 ,
1657 2176 1671 2190 ,
2876 2146 2967 2191 am
2982 2147 3027 2190 h.
3043 2152 3086 2191 4.

414 2182 510 2225 roro
526 2183 654 2227 Aere·
750 2198 950 2263 prope
1015 2175 1381 2242 exercitum
1428 2175 1978 2254 Chr1st1anorum,
2023 2182 2093 2242 et
2152 2177 2483 2242 commisit
2542 2199 2692 2243 cum
2760 2180 2854 2244 eis

749 2279 1048 2366 praelium
1091 2277 1255 2345 feria·
1313 2283 1548 2365 quarta
1606 2281 1757 2364 post
1801 2277 2043 2347 festum
2105 2279 2336 2345 Sancti
2383 2278 2722 2346 Michaelis
2782 2280 2856 2346 in

439 2394 498 2437 ro.
515 2398 591 2438 ιω
615 2404 674 2439 ro.
748 2379 1025 2467 planitie
1069 2385 1228 2446 ante
1286 2380 1547 2460 Acrem,
1593 2380 1770 2445 inter
1814 2379 2059 2447 Acrem
2105 2385 2176 2447 et
2221 2381 2452 2447 Casale
2499 2382 2854 2470 Episcopi3

746 2483 820 2547 in
866 2505 996 2570 quo
1056 2482 1284 2570 praelio
1333 2482 1685 2549 Saladinus
1744 2481 2085 2548 confectus
2145 2488 2245 2548 est
2290 2488 2361 2548 et
2418 2483 2710 2570 fugatus,
2755 2486 2858 2550 ita

748 2587 925 2671 quod
953 2585 1093 2672 ipse
1138 2585 1363 2651 omnia
1406 2584 1699 2651 tentoria
1741 2584 2016 2669 reliquit
2064 2583 2483 2664 Christianis,
2515 2590 2586 2651 et
2628 2586 2857 2655 amisit

748 2687 830 2752 de
873 2687 1257 2754 melioribus
1284 2686 1546 2753 militiae
1590 2708 1729 2752 suae
1774 2691 2031 2773 partem
2079 2700 2281 2752 unam
2309 2711 2324 2768 ;
2369 2688 2485 2753 sed
2528 2692 2600 2754 et
2633 2687 2855 2755 Chris-

747 2790 920 2854 tiani
965 2811 1274 2877 magnam
1302 2794 1560 2875 partem
1604 2809 1875 2854 suorum
1905 2787 2349 2875 perdiderunt.
2428 2789 2671 2856 Postea
2699 2811 2857 2856 vero

748 2891 1102 2958 Saladinus
1145 2890 1559 2978 recuperavit
1589 2911 1784 2978 super
1813 2896 2079 2978 gentem
2111 2890 2561 2958 Christianam
2590 2897 2858 2980 propter

745 2999 1012 3082 peccata
1054 3015 1295 3070 eorum,
1357 2992 1458 3058 ita
1518 2993 1697 3078 quod
1748 3013 1957 3078 usque
2004 2994 2088 3059 ad
2152 2999 2371 3060 castra
2422 3015 2545 3060 sua
2610 2994 2855 3082 repulsi

415 3115 606 3166 eom-d,
623 3115 706 3159 tho
745 3101 915 3162 sunt.
1010 3096 1101 3161 Et
1160 3093 1480 3160 Gir-ardus
1543 3093 1626 3158 de
1673 3092 1979 3160 Ridesfor
1995 3093 2023 3134 ⁴
2065 3096 2380 3182 magister
2444 3096 2717 3184 Templi,
2789 3102 2857 3163 et

411 3167 710 3278 ffiffzliffiie,
744 3197 1162 3264 marescallus
1205 3195 1463 3283 Templi
1507 3217 1658 3261 eum
1701 3195 2022 3262 fluetibus
2051 3196 2188 3262 fero
2230 3197 2698 3285 duodeviginti
2742 3201 2855 3286 qui

415 3268 532 3348 ‘³¹⁸⁸'-
749 3301 998 3388 optime
1027 3320 1097 3366 se
1126 3298 1611 3376 continuerant,
1638 3297 1735 3362 ibi
1764 3297 2101 3365 interfecti
2147 3298 2440 3366 fuerunt.
2519 3300 2610 3367 Et
2656 3302 2857 3367 aliam

747 3401 1109 3468 amiserunt
1155 3399 1521 3469 Christiani
1579 3400 1892 3466 militiam
1954 3423 2161 3488 usque
2206 3402 2294 3467 ad
2353 3403 2601 3469 milites
2645 3404 2855 3491 quad-

746 3506 1014 3594 raginta
1056 3509 1126 3570 et
1183 3509 1451 3574 centum
1516 3503 1895 3591 Tmcoplos.
1987 3503 2347 3571 Saladinus
2407 3527 2566 3572 vero
2628 3508 2855 3576 amisit

745 3608 842 3674 ibi
902 3606 1416 3695 primogenitum
1475 3628 1671 3673 suum
1732 3606 2118 3685 Mirasalim,
2178 3612 2250 3674 et
2305 3613 2619 3694 nepotem
2661 3631 2856 3678 suum

746 3708 1144 3788 Tekehedin,
1191 3717 1257 3776 et
1296 3709 1590 3796 Migebal
1633 3708 2064 3775 senescallum
2107 3730 2323 3788 suum,
2355 3714 2426 3775 et
2455 3715 2729 3778 coeteros
2773 3713 2857 3778 de

748 3813 1127 3882 melioribus
1184 3812 1449 3878 militiae
1507 3833 1662 3892 suae,
1708 3815 1779 3876 et
1837 3812 2086 3877 multos
2138 3812 2303 3877 alios
2370 3833 2653 3899 quorum
2720 3835 2859 3882 non

480 3933 582 3978 oct.
597 3937 661 3980 u.
746 3923 892 3984 erat
935 3937 1261 3982 numerus.
1355 3914 1553 3982 Faria
1586 3935 1744 3979 vero
1789 3919 2031 4000 quarta
2060 3915 2364 4001 sequenti
2393 3915 2585 3981 venit
2611 3916 2856 3982 iterum

413 4047 591 4091 mum.
747 4018 1101 4086 Saladinus
1146 4039 1296 4083 cum
1352 4016 1653 4082 exercitu
1697 4038 1837 4094 suo,
1884 4022 1954 4082 et
1996 4039 2147 4084 cum
2193 4016 2559 4083 Christiani
2601 4018 2857 4088 vellent

748 4143 898 4188 cum
942 4143 1020 4188 eo
1064 4119 1392 4209 congredi,
1435 4119 1726 4186 velocius
1769 4119 2006 4185 retulit
2050 4118 2327 4207 pedem3
2387 4124 2456 4185 et
2500 4121 2705 4186 tertia
2747 4120 2858 4186 die

749 4223 1050 4311 sequenti
1081 4224 1296 4290 movit
1323 4227 1540 4289 castra
1584 4242 1721 4301 sua,
1750 4228 1823 4288 et
1865 4244 2077 4308 usque
2105 4223 2193 4289 ad
2221 4221 2436 4289 locum
2465 4223 2583 4308 qui
2613 4223 2859 4290 dicitur

1159 4428 1216 4433 --
1269 4429 1282 4432 -
1359 4426 2097 4434 Ἥ.-

815 4547 1152 4615 ῐΒοόενιιω]
1211 4547 1387 4612 Philip
1443 4546 1503 4598 of
1551 4547 1748 4607 Dreux,
1916 4547 2863 4615 ’JmaeofAvoenegthehkroof

745 4628 928 4693 bichop
951 4628 1010 4679 of
1024 4628 1297 4692 Beanvais,
1325 4629 1637 4680 nso-121⁷.
1850 4629 1938 4679 the
1958 4629 2099 4679 third
2119 4630 2345 4680 amande.

1915 4707 1938 4744 ⁴
1968 4706 2225 4774 Rideqsor]
2268 4707 2569 4770 Bedefoflb,
2607 4708 2856 4761 nondun

812 4785 834 4818 ²
869 4787 1031 4837 Erard
1051 4787 1140 4846 11„
1164 4795 1318 4839 count
1339 4787 1399 4838 of
1412 4787 1650 4839 Brienne.
1853 4787 1959 4851 (ed.
1985 4787 2198 4852 Savile).
