<?xml version="1.0" encoding="UTF-8"?>
<!DOCTYPE html PUBLIC "-//W3C//DTD XHTML 1.0 Transitional//EN"
    "http://www.w3.org/TR/xhtml1/DTD/xhtml1-transitional.dtd">
<html xmlns="http://www.w3.org/1999/xhtml" xml:lang="en" lang="en">
 <head>
  <title>
</title>
<meta http-equiv="Content-Type" content="text/html;charset=utf-8" />
  <meta name='ocr-system' content='tesseract 3.04.00' />
  <meta name='ocr-capabilities' content='ocr_page ocr_carea ocr_par ocr_line ocrx_word'/>
</head>
<body>
  <div class='ocr_page' id='page_1' title='image "./chroniclereigns00unkngoog_0372.png"; bbox 0 0 3585 5863; ppageno 0'>
   <div class='ocr_carea' id='block_1_1' title="bbox 996 859 2271 925">
    <p class='ocr_par' dir='ltr' id='par_1_1' title="bbox 996 859 2271 925">
     <span class='ocr_line' id='line_1_1' title="bbox 996 859 2271 925; baseline 0.005 -6"><span class='ocrx_word' id='word_1_1' title='bbox 996 859 1125 920; x_wconf 81' lang='lat'><strong>200</strong></span> <span class='ocrx_word' id='word_1_2' title='bbox 1810 875 2024 924; x_wconf 72' lang='lat' dir='ltr'><strong>Gsss‘rA</strong></span> <span class='ocrx_word' id='word_1_3' title='bbox 2069 875 2271 925; x_wconf 75' lang='lat' dir='ltr'><strong>nmis</strong></span> 
     </span>
    </p>
   </div>
   <div class='ocr_carea' id='block_1_2' title="bbox 1643 1105 2439 1174">
    <p class='ocr_par' dir='ltr' id='par_1_2' title="bbox 1643 1105 2439 1174">
     <span class='ocr_line' id='line_1_2' title="bbox 1643 1105 2439 1174; baseline 0.003 -2"><span class='ocrx_word' id='word_1_4' title='bbox 1643 1105 1745 1172; x_wconf 76' lang='lat' dir='ltr'><strong>De</strong></span> <span class='ocrx_word' id='word_1_5' title='bbox 1786 1105 2067 1172; x_wconf 79' lang='lat' dir='ltr'><strong>Roberto</strong></span> <span class='ocrx_word' id='word_1_6' title='bbox 2124 1107 2439 1174; x_wconf 71' lang='lat' dir='ltr'><strong>Wiecard.</strong></span> 
     </span>
    </p>
   </div>
   <div class='ocr_carea' id='block_1_3' title="bbox 663 1243 3303 3579">
    <p class='ocr_par' dir='ltr' id='par_1_3' title="bbox 663 1243 3303 1640">
     <span class='ocr_line' id='line_1_3' title="bbox 698 1243 3303 1332; baseline 0.002 -23"><span class='ocrx_word' id='word_1_7' title='bbox 698 1263 810 1309; x_wconf 65' lang='lat' dir='ltr'><strong>Aa).</strong></span> <span class='ocrx_word' id='word_1_8' title='bbox 825 1265 943 1307; x_wconf 72' lang='lat'>11⁹1.</span> <span class='ocrx_word' id='word_1_9' title='bbox 1089 1243 1342 1311; x_wconf 82' lang='lat' dir='ltr'><strong>Deinde</strong></span> <span class='ocrx_word' id='word_1_10' title='bbox 1389 1251 1488 1311; x_wconf 83' lang='lat' dir='ltr'><strong>est</strong></span> <span class='ocrx_word' id='word_1_11' title='bbox 1531 1251 1766 1332; x_wconf 79' lang='lat' dir='ltr'><strong>portus</strong></span> <span class='ocrx_word' id='word_1_12' title='bbox 1815 1245 2126 1313; x_wconf 76' lang='lat' dir='ltr'><strong>Wiseard.</strong></span> <span class='ocrx_word' id='word_1_13' title='bbox 2218 1246 2311 1312; x_wconf 91' lang='lat' dir='ltr'><strong>Et</strong></span> <span class='ocrx_word' id='word_1_14' title='bbox 2354 1247 2721 1312; x_wconf 86' lang='lat' dir='ltr'><strong>notandum</strong></span> <span class='ocrx_word' id='word_1_15' title='bbox 2768 1252 2871 1313; x_wconf 81' lang='lat' dir='ltr'><strong>est</strong></span> <span class='ocrx_word' id='word_1_16' title='bbox 2915 1246 3088 1332; x_wconf 88' lang='lat' dir='ltr'><strong>quod</strong></span> <span class='ocrx_word' id='word_1_17' title='bbox 3108 1266 3303 1314; x_wconf 66' lang='lat' dir='ltr'><strong>nomnen.</strong></span> 
     </span>
     <span class='ocr_line' id='line_1_4' title="bbox 663 1322 3302 1437; baseline -0.003 -17"><span class='ocrx_word' id='word_1_18' title='bbox 663 1325 871 1437; x_wconf 51' lang='lat' dir='ltr'><strong>ffiffisstm</strong></span> <span class='ocrx_word' id='word_1_19' title='bbox 887 1325 941 1369; x_wconf 61' lang='lat'><strong>⁰¹</strong></span> <span class='ocrx_word' id='word_1_20' title='bbox 1001 1347 1330 1414; x_wconf 78' lang='lat' dir='ltr'><strong>Robertus</strong></span> <span class='ocrx_word' id='word_1_21' title='bbox 1395 1348 1692 1415; x_wconf 84' lang='lat' dir='ltr'><strong>Wisoard</strong></span> <span class='ocrx_word' id='word_1_22' title='bbox 1752 1348 1885 1415; x_wconf 83' lang='lat' dir='ltr'><strong>fuit</strong></span> <span class='ocrx_word' id='word_1_23' title='bbox 1952 1348 2224 1415; x_wconf 88' lang='lat' dir='ltr'><strong>natione</strong></span> <span class='ocrx_word' id='word_1_24' title='bbox 2299 1347 2369 1414; x_wconf 90' lang='lat' dir='ltr'>N</span> <span class='ocrx_word' id='word_1_25' title='bbox 2371 1371 2748 1429; x_wconf 62' lang='lat' dir='ltr'><strong>ormzmnns,</strong></span> <span class='ocrx_word' id='word_1_26' title='bbox 2826 1353 2901 1415; x_wconf 89' lang='lat' dir='ltr'><strong>et</strong></span> <span class='ocrx_word' id='word_1_27' title='bbox 2977 1348 3089 1413; x_wconf 88' lang='lat' dir='ltr'><strong>diu</strong></span> <span class='ocrx_word' id='word_1_28' title='bbox 3108 1322 3302 1364; x_wconf 49' lang='lat'><strong>*⁰⁸⁸⁴*</strong></span> 
     </span>
     <span class='ocr_line' id='line_1_5' title="bbox 663 1426 3089 1538; baseline -0 -22"><span class='ocrx_word' id='word_1_29' title='bbox 663 1426 889 1471; x_wconf 68' lang='lat' dir='ltr'><strong>Wmmd.</strong></span> <span class='ocrx_word' id='word_1_30' title='bbox 999 1455 1423 1516; x_wconf 81' lang='lat' dir='ltr'><strong>conversatus</strong></span> <span class='ocrx_word' id='word_1_31' title='bbox 1465 1450 1542 1516; x_wconf 91' lang='lat' dir='ltr'><strong>in</strong></span> <span class='ocrx_word' id='word_1_32' title='bbox 1584 1450 1767 1516; x_wconf 84' lang='lat' dir='ltr'><strong>curia</strong></span> <span class='ocrx_word' id='word_1_33' title='bbox 1825 1449 2149 1516; x_wconf 74' lang='lat' dir='ltr'><strong>Hem-1011</strong></span> <span class='ocrx_word' id='word_1_34' title='bbox 2209 1451 2384 1538; x_wconf 81' lang='lat' dir='ltr'><strong>regis</strong></span> <span class='ocrx_word' id='word_1_35' title='bbox 2440 1451 2707 1538; x_wconf 82' lang='lat' dir='ltr'><strong>Angliae</strong></span> <span class='ocrx_word' id='word_1_36' title='bbox 2756 1450 2884 1515; x_wconf 88' lang='lat' dir='ltr'><strong>filii</strong></span> <span class='ocrx_word' id='word_1_37' title='bbox 2931 1449 3089 1516; x_wconf 85' lang='lat' dir='ltr'><strong>Wil-</strong></span> 
     </span>
     <span class='ocr_line' id='line_1_6' title="bbox 998 1551 3089 1640; baseline 0 -25"><span class='ocrx_word' id='word_1_38' title='bbox 998 1551 1180 1617; x_wconf 91' lang='lat' dir='ltr'><strong>lelmi</strong></span> <span class='ocrx_word' id='word_1_39' title='bbox 1224 1552 1525 1633; x_wconf 67' lang='lat' dir='ltr'><strong>Bastar-tl,</strong></span> <span class='ocrx_word' id='word_1_40' title='bbox 1588 1553 1704 1640; x_wconf 92' lang='lat' dir='ltr'><strong>qui</strong></span> <span class='ocrx_word' id='word_1_41' title='bbox 1763 1574 1984 1639; x_wconf 84' lang='lat' dir='ltr'><strong>regem</strong></span> <span class='ocrx_word' id='word_1_42' title='bbox 2033 1553 2400 1618; x_wconf 69' lang='lat' dir='ltr'><strong>Hal-aldum</strong></span> <span class='ocrx_word' id='word_1_43' title='bbox 2454 1553 2704 1618; x_wconf 82' lang='lat' dir='ltr'><strong>devicit</strong></span> <span class='ocrx_word' id='word_1_44' title='bbox 2746 1552 2821 1617; x_wconf 91' lang='lat' dir='ltr'><strong>in</strong></span> <span class='ocrx_word' id='word_1_45' title='bbox 2865 1551 3089 1639; x_wconf 86' lang='lat' dir='ltr'><strong>praelio</strong></span> 
     </span>
    </p>

    <p class='ocr_par' dir='ltr' id='par_1_4' title="bbox 1000 1652 3089 1740">
     <span class='ocr_line' id='line_1_7' title="bbox 1000 1652 3089 1740; baseline -0.001 -22"><span class='ocrx_word' id='word_1_46' title='bbox 1000 1660 1070 1718; x_wconf 90' lang='lat' dir='ltr'><strong>et</strong></span> <span class='ocrx_word' id='word_1_47' title='bbox 1129 1675 1406 1740; x_wconf 88' lang='lat' dir='ltr'><strong>regnum</strong></span> <span class='ocrx_word' id='word_1_48' title='bbox 1475 1653 1786 1720; x_wconf 87' lang='lat' dir='ltr'><strong>obtinuit.</strong></span> <span class='ocrx_word' id='word_1_49' title='bbox 1880 1654 2020 1720; x_wconf 81' lang='lat' dir='ltr'><strong>Iste</strong></span> <span class='ocrx_word' id='word_1_50' title='bbox 2097 1654 2448 1732; x_wconf 70' lang='lat' dir='ltr'><strong>RobertuS,</strong></span> <span class='ocrx_word' id='word_1_51' title='bbox 2525 1654 2682 1720; x_wconf 82' lang='lat' dir='ltr'><strong>lieet</strong></span> <span class='ocrx_word' id='word_1_52' title='bbox 2759 1657 2934 1720; x_wconf 80' lang='lat' dir='ltr'><strong>esset</strong></span> <span class='ocrx_word' id='word_1_53' title='bbox 3011 1652 3089 1717; x_wconf 87' lang='lat' dir='ltr'><strong>de</strong></span> 
     </span>
    </p>

    <p class='ocr_par' dir='ltr' id='par_1_5' title="bbox 1001 1754 3092 1843">
     <span class='ocr_line' id='line_1_8' title="bbox 1001 1754 3092 1843; baseline 0 -24"><span class='ocrx_word' id='word_1_54' title='bbox 1001 1755 1252 1821; x_wconf 85' lang='lat' dir='ltr'><strong>familia</strong></span> <span class='ocrx_word' id='word_1_55' title='bbox 1323 1756 1514 1843; x_wconf 77' lang='lat' dir='ltr'><strong>regie,</strong></span> <span class='ocrx_word' id='word_1_56' title='bbox 1584 1760 1811 1821; x_wconf 88' lang='lat' dir='ltr'><strong>tamen</strong></span> <span class='ocrx_word' id='word_1_57' title='bbox 1875 1778 2129 1843; x_wconf 80' lang='lat' dir='ltr'><strong>pauper</strong></span> <span class='ocrx_word' id='word_1_58' title='bbox 2199 1762 2395 1838; x_wconf 84' lang='lat' dir='ltr'><strong>erat3</strong></span> <span class='ocrx_word' id='word_1_59' title='bbox 2474 1761 2542 1822; x_wconf 90' lang='lat' dir='ltr'><strong>et</strong></span> <span class='ocrx_word' id='word_1_60' title='bbox 2615 1757 2772 1822; x_wconf 81' lang='lat' dir='ltr'><strong>lieet</strong></span> <span class='ocrx_word' id='word_1_61' title='bbox 2847 1754 3092 1842; x_wconf 85' lang='lat' dir='ltr'><strong>probus</strong></span> 
     </span>
    </p>

    <p class='ocr_par' dir='ltr' id='par_1_6' title="bbox 1000 1856 3092 1946">
     <span class='ocr_line' id='line_1_9' title="bbox 1000 1856 3092 1946; baseline 0 -26"><span class='ocrx_word' id='word_1_62' title='bbox 1000 1857 1221 1938; x_wconf 88' lang='lat' dir='ltr'><strong>fuerit,</strong></span> <span class='ocrx_word' id='word_1_63' title='bbox 1284 1862 1515 1924; x_wconf 90' lang='lat' dir='ltr'><strong>tamen</strong></span> <span class='ocrx_word' id='word_1_64' title='bbox 1574 1857 1828 1923; x_wconf 84' lang='lat' dir='ltr'><strong>nullam</strong></span> <span class='ocrx_word' id='word_1_65' title='bbox 1873 1859 2157 1944; x_wconf 85' lang='lat' dir='ltr'><strong>gratiam</strong></span> <span class='ocrx_word' id='word_1_66' title='bbox 2215 1859 2439 1946; x_wconf 88' lang='lat' dir='ltr'><strong>potuit</strong></span> <span class='ocrx_word' id='word_1_67' title='bbox 2488 1858 2789 1924; x_wconf 85' lang='lat' dir='ltr'><strong>invenire</strong></span> <span class='ocrx_word' id='word_1_68' title='bbox 2833 1856 3092 1922; x_wconf 80' lang='lat' dir='ltr'><strong>ditandi</strong></span> 
     </span>
    </p>

    <p class='ocr_par' dir='ltr' id='par_1_7' title="bbox 1001 1958 3091 2047">
     <span class='ocr_line' id='line_1_10' title="bbox 1001 1958 3091 2047; baseline 0 -24"><span class='ocrx_word' id='word_1_69' title='bbox 1001 1959 1179 2046; x_wconf 86' lang='lat' dir='ltr'><strong>apud</strong></span> <span class='ocrx_word' id='word_1_70' title='bbox 1222 1981 1442 2047; x_wconf 86' lang='lat' dir='ltr'><strong>regem</strong></span> <span class='ocrx_word' id='word_1_71' title='bbox 1487 1960 1694 2025; x_wconf 88' lang='lat' dir='ltr'><strong>illum.</strong></span> <span class='ocrx_word' id='word_1_72' title='bbox 1786 1959 1986 2026; x_wconf 85' lang='lat' dir='ltr'><strong>Unde</strong></span> <span class='ocrx_word' id='word_1_73' title='bbox 2045 1959 2295 2026; x_wconf 86' lang='lat' dir='ltr'><strong>factum</strong></span> <span class='ocrx_word' id='word_1_74' title='bbox 2355 1966 2457 2026; x_wconf 83' lang='lat' dir='ltr'><strong>est</strong></span> <span class='ocrx_word' id='word_1_75' title='bbox 2522 1966 2603 2026; x_wconf 91' lang='lat' dir='ltr'><strong>ut</strong></span> <span class='ocrx_word' id='word_1_76' title='bbox 2662 1961 2803 2046; x_wconf 85' lang='lat' dir='ltr'><strong>ipse</strong></span> <span class='ocrx_word' id='word_1_77' title='bbox 2870 1958 3091 2024; x_wconf 83' lang='lat' dir='ltr'><strong>natale</strong></span> 
     </span>
    </p>

    <p class='ocr_par' dir='ltr' id='par_1_8' title="bbox 1000 2061 3094 2251">
     <span class='ocr_line' id='line_1_11' title="bbox 1001 2061 3092 2150; baseline -0 -25"><span class='ocrx_word' id='word_1_78' title='bbox 1001 2082 1196 2126; x_wconf 82' lang='lat' dir='ltr'><strong>suum</strong></span> <span class='ocrx_word' id='word_1_79' title='bbox 1257 2063 1599 2128; x_wconf 87' lang='lat' dir='ltr'><strong>desereret.</strong></span> <span class='ocrx_word' id='word_1_80' title='bbox 1691 2061 1934 2148; x_wconf 88' lang='lat' dir='ltr'><strong>Itaque</strong></span> <span class='ocrx_word' id='word_1_81' title='bbox 1997 2062 2275 2127; x_wconf 81' lang='lat' dir='ltr'><strong>Romam</strong></span> <span class='ocrx_word' id='word_1_82' title='bbox 2343 2062 2560 2150; x_wconf 90' lang='lat' dir='ltr'><strong>petiit,</strong></span> <span class='ocrx_word' id='word_1_83' title='bbox 2621 2066 2689 2127; x_wconf 90' lang='lat' dir='ltr'><strong>et</strong></span> <span class='ocrx_word' id='word_1_84' title='bbox 2750 2082 2793 2126; x_wconf 91' lang='lat' dir='ltr'><strong>a</strong></span> <span class='ocrx_word' id='word_1_85' title='bbox 2835 2080 3092 2125; x_wconf 82' lang='lat' dir='ltr'><strong>summo</strong></span> 
     </span>
     <span class='ocr_line' id='line_1_12' title="bbox 1000 2163 3094 2251; baseline -0.001 -23"><span class='ocrx_word' id='word_1_86' title='bbox 1000 2164 1308 2249; x_wconf 83' lang='lat' dir='ltr'><strong>pontifice</strong></span> <span class='ocrx_word' id='word_1_87' title='bbox 1325 2163 1351 2202; x_wconf 74' lang='lat'>2</span> <span class='ocrx_word' id='word_1_88' title='bbox 1395 2164 1740 2230; x_wconf 83' lang='lat' dir='ltr'><strong>eonsilium</strong></span> <span class='ocrx_word' id='word_1_89' title='bbox 1785 2170 1858 2230; x_wconf 86' lang='lat' dir='ltr'><strong>et</strong></span> <span class='ocrx_word' id='word_1_90' title='bbox 1902 2164 2233 2229; x_wconf 71' lang='lat' dir='ltr'><strong>licentiam</strong></span> <span class='ocrx_word' id='word_1_91' title='bbox 2294 2164 2545 2251; x_wconf 68' lang='lat' dir='ltr'><strong>aceepit</strong></span> <span class='ocrx_word' id='word_1_92' title='bbox 2604 2163 2922 2229; x_wconf 82' lang='lat' dir='ltr'><strong>barbaras</strong></span> <span class='ocrx_word' id='word_1_93' title='bbox 2982 2184 3094 2226; x_wconf 60' lang='lat' dir='ltr'><strong>nae</strong></span> 
     </span>
    </p>

    <p class='ocr_par' dir='ltr' id='par_1_9' title="bbox 1005 2263 3094 2353">
     <span class='ocr_line' id='line_1_13' title="bbox 1005 2263 3094 2353; baseline -0.001 -23"><span class='ocrx_word' id='word_1_94' title='bbox 1005 2265 1212 2331; x_wconf 80' lang='lat' dir='ltr'><strong>tiones</strong></span> <span class='ocrx_word' id='word_1_95' title='bbox 1255 2264 1382 2332; x_wconf 82' lang='lat' dir='ltr'><strong>sibi</strong></span> <span class='ocrx_word' id='word_1_96' title='bbox 1427 2267 1797 2353; x_wconf 83' lang='lat' dir='ltr'><strong>subjugare.</strong></span> <span class='ocrx_word' id='word_1_97' title='bbox 1890 2265 2281 2333; x_wconf 83' lang='lat' dir='ltr'><strong>Confluebat</strong></span> <span class='ocrx_word' id='word_1_98' title='bbox 2326 2287 2479 2352; x_wconf 88' lang='lat' dir='ltr'><strong>ergo</strong></span> <span class='ocrx_word' id='word_1_99' title='bbox 2522 2265 2606 2331; x_wconf 88' lang='lat' dir='ltr'><strong>ad</strong></span> <span class='ocrx_word' id='word_1_100' title='bbox 2653 2288 2805 2331; x_wconf 89' lang='lat' dir='ltr'><strong>eum</strong></span> <span class='ocrx_word' id='word_1_101' title='bbox 2866 2263 3094 2330; x_wconf 87' lang='lat' dir='ltr'><strong>multi·</strong></span> 
     </span>
    </p>

    <p class='ocr_par' dir='ltr' id='par_1_10' title="bbox 999 2367 3093 2457">
     <span class='ocr_line' id='line_1_14' title="bbox 999 2367 3093 2457; baseline -0 -25"><span class='ocrx_word' id='word_1_102' title='bbox 999 2367 1168 2434; x_wconf 90' lang='lat' dir='ltr'><strong>tudo</strong></span> <span class='ocrx_word' id='word_1_103' title='bbox 1210 2391 1451 2457; x_wconf 84' lang='lat' dir='ltr'><strong>magna</strong></span> <span class='ocrx_word' id='word_1_104' title='bbox 1493 2369 1807 2449; x_wconf 86' lang='lat' dir='ltr'><strong>virorum,</strong></span> <span class='ocrx_word' id='word_1_105' title='bbox 1852 2372 1997 2434; x_wconf 89' lang='lat' dir='ltr'><strong>tum</strong></span> <span class='ocrx_word' id='word_1_106' title='bbox 2039 2373 2305 2455; x_wconf 89' lang='lat' dir='ltr'><strong>propter</strong></span> <span class='ocrx_word' id='word_1_107' title='bbox 2332 2369 2541 2433; x_wconf 88' lang='lat' dir='ltr'><strong>animi</strong></span> <span class='ocrx_word' id='word_1_108' title='bbox 2584 2368 2689 2433; x_wconf 87' lang='lat' dir='ltr'><strong>sui</strong></span> <span class='ocrx_word' id='word_1_109' title='bbox 2730 2367 3093 2443; x_wconf 80' lang='lat' dir='ltr'><strong>audaciam,</strong></span> 
     </span>
    </p>

    <p class='ocr_par' dir='ltr' id='par_1_11' title="bbox 999 2470 3096 2659">
     <span class='ocr_line' id='line_1_15' title="bbox 1000 2470 3094 2559; baseline -0.001 -25"><span class='ocrx_word' id='word_1_110' title='bbox 1000 2474 1071 2534; x_wconf 90' lang='lat' dir='ltr'><strong>et</strong></span> <span class='ocrx_word' id='word_1_111' title='bbox 1114 2471 1400 2559; x_wconf 79' lang='lat' dir='ltr'><strong>eorporis</strong></span> <span class='ocrx_word' id='word_1_112' title='bbox 1442 2470 1845 2556; x_wconf 71' lang='lat' dir='ltr'><strong>probitatem</strong></span> <span class='ocrx_word' id='word_1_113' title='bbox 1880 2493 1897 2550; x_wconf 90' lang='lat'>;</span> <span class='ocrx_word' id='word_1_114' title='bbox 1956 2475 2104 2535; x_wconf 88' lang='lat' dir='ltr'><strong>tum</strong></span> <span class='ocrx_word' id='word_1_115' title='bbox 2162 2476 2434 2557; x_wconf 88' lang='lat' dir='ltr'><strong>propter</strong></span> <span class='ocrx_word' id='word_1_116' title='bbox 2477 2492 2712 2535; x_wconf 86' lang='lat' dir='ltr'><strong>manus</strong></span> <span class='ocrx_word' id='word_1_117' title='bbox 2755 2491 2896 2534; x_wconf 85' lang='lat' dir='ltr'><strong>suae</strong></span> <span class='ocrx_word' id='word_1_118' title='bbox 2940 2470 3094 2532; x_wconf 90' lang='lat' dir='ltr'><strong>irre-</strong></span> 
     </span>
     <span class='ocr_line' id='line_1_16' title="bbox 999 2570 3096 2659; baseline 0 -26"><span class='ocrx_word' id='word_1_119' title='bbox 999 2571 1503 2657; x_wconf 79' lang='lat' dir='ltr'><strong>prehensibilem</strong></span> <span class='ocrx_word' id='word_1_120' title='bbox 1562 2571 1955 2658; x_wconf 83' lang='lat' dir='ltr'><strong>largitatem.</strong></span> <span class='ocrx_word' id='word_1_121' title='bbox 2050 2570 2142 2636; x_wconf 89' lang='lat' dir='ltr'><strong>Et</strong></span> <span class='ocrx_word' id='word_1_122' title='bbox 2206 2573 2346 2659; x_wconf 79' lang='lat' dir='ltr'><strong>ipse</strong></span> <span class='ocrx_word' id='word_1_123' title='bbox 2405 2575 2477 2637; x_wconf 89' lang='lat' dir='ltr'><strong>et</strong></span> <span class='ocrx_word' id='word_1_124' title='bbox 2535 2572 2830 2658; x_wconf 84' lang='lat' dir='ltr'><strong>Rogerus</strong></span> <span class='ocrx_word' id='word_1_125' title='bbox 2892 2570 3096 2635; x_wconf 83' lang='lat' dir='ltr'><strong>frater</strong></span> 
     </span>
    </p>

    <p class='ocr_par' dir='ltr' id='par_1_12' title="bbox 901 2672 3094 2760">
     <span class='ocr_line' id='line_1_17' title="bbox 901 2672 3094 2760; baseline 0 -24"><span class='ocrx_word' id='word_1_126' title='bbox 901 2738 922 2759; x_wconf 83' lang='lat'><strong>.</strong></span> <span class='ocrx_word' id='word_1_127' title='bbox 1000 2672 1141 2759; x_wconf 82' lang='lat' dir='ltr'><strong>ejus</strong></span> <span class='ocrx_word' id='word_1_128' title='bbox 1204 2674 1632 2760; x_wconf 71' lang='lat' dir='ltr'>procedentes</span> <span class='ocrx_word' id='word_1_129' title='bbox 1699 2676 2029 2738; x_wconf 84' lang='lat' dir='ltr'><strong>venerunt</strong></span> <span class='ocrx_word' id='word_1_130' title='bbox 2089 2672 2164 2737; x_wconf 93' lang='lat' dir='ltr'><strong>in</strong></span> <span class='ocrx_word' id='word_1_131' title='bbox 2229 2673 2566 2760; x_wconf 82' lang='lat' dir='ltr'><strong>Apuliam,</strong></span> <span class='ocrx_word' id='word_1_132' title='bbox 2643 2677 2712 2738; x_wconf 92' lang='lat' dir='ltr'><strong>et</strong></span> <span class='ocrx_word' id='word_1_133' title='bbox 2785 2672 3094 2738; x_wconf 82' lang='lat' dir='ltr'><strong>videntes</strong></span> 
     </span>
    </p>

    <p class='ocr_par' dir='ltr' id='par_1_13' title="bbox 995 2774 3095 3066">
     <span class='ocr_line' id='line_1_18' title="bbox 999 2774 3094 2853; baseline -0.001 -13"><span class='ocrx_word' id='word_1_134' title='bbox 999 2797 1144 2840; x_wconf 90' lang='lat' dir='ltr'><strong>eam</strong></span> <span class='ocrx_word' id='word_1_135' title='bbox 1187 2780 1434 2841; x_wconf 86' lang='lat' dir='ltr'><strong>terram</strong></span> <span class='ocrx_word' id='word_1_136' title='bbox 1479 2775 1721 2840; x_wconf 84' lang='lat' dir='ltr'><strong>bonam</strong></span> <span class='ocrx_word' id='word_1_137' title='bbox 1764 2779 1835 2840; x_wconf 85' lang='lat' dir='ltr'><strong>et</strong></span> <span class='ocrx_word' id='word_1_138' title='bbox 1878 2774 2180 2853; x_wconf 88' lang='lat' dir='ltr'><strong>fertilem,</strong></span> <span class='ocrx_word' id='word_1_139' title='bbox 2225 2780 2295 2840; x_wconf 85' lang='lat' dir='ltr'><strong>et</strong></span> <span class='ocrx_word' id='word_1_140' title='bbox 2340 2775 2637 2841; x_wconf 82' lang='lat' dir='ltr'><strong>homines</strong></span> <span class='ocrx_word' id='word_1_141' title='bbox 2679 2780 2879 2841; x_wconf 83' lang='lat' dir='ltr'><strong>terrae</strong></span> <span class='ocrx_word' id='word_1_142' title='bbox 2917 2774 3094 2839; x_wconf 81' lang='lat' dir='ltr'><strong>illius</strong></span> 
     </span>
     <span class='ocr_line' id='line_1_19' title="bbox 997 2875 3095 2964; baseline 0 -23"><span class='ocrx_word' id='word_1_143' title='bbox 997 2876 1326 2943; x_wconf 81' lang='lat' dir='ltr'><strong>Griffones</strong></span> <span class='ocrx_word' id='word_1_144' title='bbox 1389 2877 1588 2943; x_wconf 80' lang='lat' dir='ltr'><strong>armis</strong></span> <span class='ocrx_word' id='word_1_145' title='bbox 1654 2876 1956 2942; x_wconf 81' lang='lat' dir='ltr'><strong>indoctos</strong></span> <span class='ocrx_word' id='word_1_146' title='bbox 2016 2875 2353 2942; x_wconf 84' lang='lat' dir='ltr'><strong>abundare</strong></span> <span class='ocrx_word' id='word_1_147' title='bbox 2411 2877 2686 2958; x_wconf 74' lang='lat' dir='ltr'><strong>divitiis,</strong></span> <span class='ocrx_word' id='word_1_148' title='bbox 2734 2875 3095 2964; x_wconf 82' lang='lat' dir='ltr'><strong>cupiebant</strong></span> 
     </span>
     <span class='ocr_line' id='line_1_20' title="bbox 995 2978 3094 3066; baseline 0 -23"><span class='ocrx_word' id='word_1_149' title='bbox 995 2978 1314 3062; x_wconf 80' lang='lat' dir='ltr'><strong>subjicere</strong></span> <span class='ocrx_word' id='word_1_150' title='bbox 1344 3002 1488 3045; x_wconf 87' lang='lat' dir='ltr'><strong>eam</strong></span> <span class='ocrx_word' id='word_1_151' title='bbox 1519 2979 1643 3043; x_wconf 81' lang='lat' dir='ltr'><strong>sibi</strong></span> <span class='ocrx_word' id='word_1_152' title='bbox 1670 3004 1683 3043; x_wconf 90' lang='lat'>:</span> <span class='ocrx_word' id='word_1_153' title='bbox 1734 2984 1804 3044; x_wconf 93' lang='lat' dir='ltr'><strong>et</strong></span> <span class='ocrx_word' id='word_1_154' title='bbox 1833 2979 2074 3066; x_wconf 78' lang='lat' dir='ltr'><strong>saepiue</strong></span> <span class='ocrx_word' id='word_1_155' title='bbox 2118 3002 2267 3045; x_wconf 85' lang='lat' dir='ltr'><strong>cum</strong></span> <span class='ocrx_word' id='word_1_156' title='bbox 2308 2979 2688 3046; x_wconf 77' lang='lat' dir='ltr'><strong>hominibus</strong></span> <span class='ocrx_word' id='word_1_157' title='bbox 2732 2980 2868 3045; x_wconf 84' lang='lat' dir='ltr'><strong>illis</strong></span> <span class='ocrx_word' id='word_1_158' title='bbox 2899 2978 3094 3044; x_wconf 73' lang='lat' dir='ltr'><strong>dimi-</strong></span> 
     </span>
    </p>

    <p class='ocr_par' dir='ltr' id='par_1_14' title="bbox 997 3083 3094 3171">
     <span class='ocr_line' id='line_1_21' title="bbox 997 3083 3094 3171; baseline 0 -23"><span class='ocrx_word' id='word_1_159' title='bbox 997 3088 1219 3148; x_wconf 80' lang='lat' dir='ltr'><strong>cantes</strong></span> <span class='ocrx_word' id='word_1_160' title='bbox 1288 3084 1559 3148; x_wconf 88' lang='lat' dir='ltr'><strong>tandem</strong></span> <span class='ocrx_word' id='word_1_161' title='bbox 1621 3083 1941 3160; x_wconf 84' lang='lat' dir='ltr'><strong>vicerunt,</strong></span> <span class='ocrx_word' id='word_1_162' title='bbox 2004 3087 2076 3148; x_wconf 88' lang='lat' dir='ltr'><strong>et</strong></span> <span class='ocrx_word' id='word_1_163' title='bbox 2135 3088 2349 3149; x_wconf 90' lang='lat' dir='ltr'><strong>totam</strong></span> <span class='ocrx_word' id='word_1_164' title='bbox 2394 3085 2706 3171; x_wconf 87' lang='lat' dir='ltr'><strong>Apuliam</strong></span> <span class='ocrx_word' id='word_1_165' title='bbox 2766 3089 2837 3149; x_wconf 90' lang='lat' dir='ltr'><strong>et</strong></span> <span class='ocrx_word' id='word_1_166' title='bbox 2901 3083 3094 3150; x_wconf 81' lang='lat' dir='ltr'><strong>Cala-</strong></span> 
     </span>
    </p>

    <p class='ocr_par' dir='ltr' id='par_1_15' title="bbox 996 3183 3097 3477">
     <span class='ocr_line' id='line_1_22' title="bbox 996 3183 3091 3271; baseline 0 -24"><span class='ocrx_word' id='word_1_167' title='bbox 996 3183 1226 3259; x_wconf 86' lang='lat' dir='ltr'><strong>briam,</strong></span> <span class='ocrx_word' id='word_1_168' title='bbox 1271 3189 1341 3249; x_wconf 90' lang='lat' dir='ltr'><strong>et</strong></span> <span class='ocrx_word' id='word_1_169' title='bbox 1387 3184 1685 3271; x_wconf 82' lang='lat' dir='ltr'><strong>Capuam</strong></span> <span class='ocrx_word' id='word_1_170' title='bbox 1732 3204 1880 3248; x_wconf 84' lang='lat' dir='ltr'><strong>oum</strong></span> <span class='ocrx_word' id='word_1_171' title='bbox 1925 3185 2301 3271; x_wconf 85' lang='lat' dir='ltr'><strong>principatu</strong></span> <span class='ocrx_word' id='word_1_172' title='bbox 2362 3186 2887 3271; x_wconf 85' lang='lat' dir='ltr'><strong>subjugaverunt</strong></span> <span class='ocrx_word' id='word_1_173' title='bbox 2945 3185 3091 3264; x_wconf 84' lang='lat' dir='ltr'><strong>sibi,</strong></span> 
     </span>
     <span class='ocr_line' id='line_1_23' title="bbox 999 3284 3097 3373; baseline 0 -22"><span class='ocrx_word' id='word_1_174' title='bbox 999 3284 1352 3371; x_wconf 73' lang='lat' dir='ltr'><strong>eripientes</strong></span> <span class='ocrx_word' id='word_1_175' title='bbox 1427 3286 1508 3351; x_wconf 87' lang='lat' dir='ltr'><strong>de</strong></span> <span class='ocrx_word' id='word_1_176' title='bbox 1583 3285 1891 3350; x_wconf 84' lang='lat' dir='ltr'><strong>manibus</strong></span> <span class='ocrx_word' id='word_1_177' title='bbox 1966 3286 2382 3373; x_wconf 66' lang='lat' dir='ltr'><strong>imperatorie</strong></span> <span class='ocrx_word' id='word_1_178' title='bbox 2443 3288 2905 3353; x_wconf 85' lang='lat' dir='ltr'><strong>Romanorum.</strong></span> <span class='ocrx_word' id='word_1_179' title='bbox 3003 3287 3097 3352; x_wconf 88' lang='lat' dir='ltr'><strong>Et</strong></span> 
     </span>
     <span class='ocr_line' id='line_1_24' title="bbox 999 3386 3095 3477; baseline 0.001 -25"><span class='ocrx_word' id='word_1_180' title='bbox 999 3388 1334 3453; x_wconf 78' lang='lat' dir='ltr'><strong>Robertus</strong></span> <span class='ocrx_word' id='word_1_181' title='bbox 1361 3388 1662 3454; x_wconf 83' lang='lat' dir='ltr'><strong>Wisoard</strong></span> <span class='ocrx_word' id='word_1_182' title='bbox 1709 3388 1896 3453; x_wconf 86' lang='lat' dir='ltr'><strong>dedit</strong></span> <span class='ocrx_word' id='word_1_183' title='bbox 1938 3388 2273 3455; x_wconf 84' lang='lat' dir='ltr'><strong>Tancredo</strong></span> <span class='ocrx_word' id='word_1_184' title='bbox 2292 3386 2317 3428; x_wconf 82' lang='lat'>⁸</span> <span class='ocrx_word' id='word_1_185' title='bbox 2346 3390 2484 3454; x_wconf 90' lang='lat' dir='ltr'><strong>filio</strong></span> <span class='ocrx_word' id='word_1_186' title='bbox 2515 3411 2633 3455; x_wconf 84' lang='lat' dir='ltr'><strong>suo</strong></span> <span class='ocrx_word' id='word_1_187' title='bbox 2676 3389 2996 3477; x_wconf 81' lang='lat' dir='ltr'><strong>Apuliam</strong></span> <span class='ocrx_word' id='word_1_188' title='bbox 3028 3394 3095 3454; x_wconf 88' lang='lat' dir='ltr'><strong>et</strong></span> 
     </span>
    </p>

    <p class='ocr_par' dir='ltr' id='par_1_16' title="bbox 665 3489 3093 3579">
     <span class='ocr_line' id='line_1_25' title="bbox 665 3489 3093 3579; baseline 0.004 -31"><span class='ocrx_word' id='word_1_189' title='bbox 665 3505 740 3548; x_wconf 79' lang='lat' dir='ltr'><strong>He</strong></span> <span class='ocrx_word' id='word_1_190' title='bbox 755 3505 928 3559; x_wconf 71' lang='lat' dir='ltr'><strong>aspires</strong></span> <span class='ocrx_word' id='word_1_191' title='bbox 997 3490 1367 3557; x_wconf 85' lang='lat' dir='ltr'><strong>Calabriam</strong></span> <span class='ocrx_word' id='word_1_192' title='bbox 1414 3499 1483 3555; x_wconf 90' lang='lat' dir='ltr'><strong>et</strong></span> <span class='ocrx_word' id='word_1_193' title='bbox 1530 3489 1827 3576; x_wconf 83' lang='lat' dir='ltr'><strong>Capuam</strong></span> <span class='ocrx_word' id='word_1_194' title='bbox 1875 3512 2026 3555; x_wconf 87' lang='lat' dir='ltr'><strong>oum</strong></span> <span class='ocrx_word' id='word_1_195' title='bbox 2068 3491 2485 3578; x_wconf 82' lang='lat' dir='ltr'><strong>principatu3</strong></span> <span class='ocrx_word' id='word_1_196' title='bbox 2531 3497 2600 3558; x_wconf 90' lang='lat' dir='ltr'><strong>et</strong></span> <span class='ocrx_word' id='word_1_197' title='bbox 2642 3493 2783 3579; x_wconf 78' lang='lat' dir='ltr'><strong>ipse</strong></span> <span class='ocrx_word' id='word_1_198' title='bbox 2828 3492 2916 3557; x_wconf 84' lang='lat' dir='ltr'><strong>ad</strong></span> <span class='ocrx_word' id='word_1_199' title='bbox 2951 3514 3093 3557; x_wconf 84' lang='lat' dir='ltr'><strong>ma-</strong></span> 
     </span>
    </p>
   </div>
   <div class='ocr_carea' id='block_1_4' title="bbox 662 3556 1016 3609">
    <p class='ocr_par' dir='ltr' id='par_1_17' title="bbox 662 3556 1016 3609">
     <span class='ocr_line' id='line_1_26' title="bbox 662 3556 1016 3609; baseline 0.008 -11"><span class='ocrx_word' id='word_1_200' title='bbox 662 3556 714 3598; x_wconf 85' lang='lat' dir='ltr'><strong>to</strong></span> <span class='ocrx_word' id='word_1_201' title='bbox 730 3567 929 3609; x_wconf 76' lang='lat' dir='ltr'><strong>conquer</strong></span> <span class='ocrx_word' id='word_1_202' title='bbox 1001 3592 1016 3606; x_wconf 89' lang='lat'><strong>.</strong></span> 
     </span>
    </p>
   </div>
   <div class='ocr_carea' id='block_1_5' title="bbox 664 3592 3093 3708">
    <p class='ocr_par' dir='ltr' id='par_1_18' title="bbox 664 3592 3093 3708">
     <span class='ocr_line' id='line_1_27' title="bbox 664 3592 3093 3708; baseline 0.003 -58"><span class='ocrx_word' id='word_1_203' title='bbox 664 3607 924 3708; x_wconf 57' lang='lat' dir='ltr'><strong>gggfganti-</strong></span> <span class='ocrx_word' id='word_1_204' title='bbox 987 3614 1137 3679; x_wconf 78' lang='lat' dir='ltr'><strong>Jora</strong></span> <span class='ocrx_word' id='word_1_205' title='bbox 1166 3592 1483 3657; x_wconf 81' lang='lat' dir='ltr'><strong>anhelans</strong></span> <span class='ocrx_word' id='word_1_206' title='bbox 1525 3613 1730 3657; x_wconf 82' lang='lat' dir='ltr'><strong>naves</strong></span> <span class='ocrx_word' id='word_1_207' title='bbox 1774 3597 1846 3657; x_wconf 91' lang='lat' dir='ltr'><strong>et</strong></span> <span class='ocrx_word' id='word_1_208' title='bbox 1888 3592 1992 3678; x_wconf 88' lang='lat' dir='ltr'><strong>gal</strong></span> <span class='ocrx_word' id='word_1_209' title='bbox 2000 3613 2109 3657; x_wconf 79' lang='lat' dir='ltr'><strong>eas</strong></span> <span class='ocrx_word' id='word_1_210' title='bbox 2153 3592 2283 3658; x_wconf 83' lang='lat' dir='ltr'><strong>sibi</strong></span> <span class='ocrx_word' id='word_1_211' title='bbox 2325 3615 2556 3680; x_wconf 86' lang='lat' dir='ltr'><strong>parare</strong></span> <span class='ocrx_word' id='word_1_212' title='bbox 2599 3593 2776 3673; x_wconf 85' lang='lat' dir='ltr'><strong>feeit,</strong></span> <span class='ocrx_word' id='word_1_213' title='bbox 2825 3593 3093 3678; x_wconf 73' lang='lat' dir='ltr'><strong>jactans</strong></span> 
     </span>
    </p>
   </div>
   <div class='ocr_carea' id='block_1_6' title="bbox 996 3694 3096 3985">
    <p class='ocr_par' dir='ltr' id='par_1_19' title="bbox 996 3694 3096 3985">
     <span class='ocr_line' id='line_1_28' title="bbox 996 3694 3093 3782; baseline 0 -22"><span class='ocrx_word' id='word_1_214' title='bbox 996 3694 1175 3781; x_wconf 87' lang='lat' dir='ltr'><strong>quod</strong></span> <span class='ocrx_word' id='word_1_215' title='bbox 1243 3695 1380 3781; x_wconf 83' lang='lat' dir='ltr'><strong>ipse</strong></span> <span class='ocrx_word' id='word_1_216' title='bbox 1444 3694 1829 3781; x_wconf 78' lang='lat' dir='ltr'><strong>subjugaret</strong></span> <span class='ocrx_word' id='word_1_217' title='bbox 1879 3695 2007 3760; x_wconf 85' lang='lat' dir='ltr'><strong>sibi</strong></span> <span class='ocrx_word' id='word_1_218' title='bbox 2067 3695 2417 3781; x_wconf 88' lang='lat' dir='ltr'><strong>imperium</strong></span> <span class='ocrx_word' id='word_1_219' title='bbox 2480 3696 3093 3782; x_wconf 80' lang='lat' dir='ltr'><strong>Constantinopoli-</strong></span> 
     </span>
     <span class='ocr_line' id='line_1_29' title="bbox 997 3795 3096 3863; baseline 0 -2"><span class='ocrx_word' id='word_1_220' title='bbox 997 3795 1276 3862; x_wconf 79' lang='lat' dir='ltr'><strong>tanum.⁴</strong></span> <span class='ocrx_word' id='word_1_221' title='bbox 1383 3796 1474 3860; x_wconf 90' lang='lat' dir='ltr'><strong>Et</strong></span> <span class='ocrx_word' id='word_1_222' title='bbox 1533 3818 1682 3861; x_wconf 84' lang='lat' dir='ltr'><strong>cum</strong></span> <span class='ocrx_word' id='word_1_223' title='bbox 1742 3797 1967 3860; x_wconf 89' lang='lat' dir='ltr'><strong>omnia</strong></span> <span class='ocrx_word' id='word_1_224' title='bbox 2024 3795 2250 3860; x_wconf 90' lang='lat' dir='ltr'><strong>itineri</strong></span> <span class='ocrx_word' id='word_1_225' title='bbox 2295 3818 2414 3861; x_wconf 79' lang='lat' dir='ltr'><strong>suo</strong></span> <span class='ocrx_word' id='word_1_226' title='bbox 2462 3797 2825 3862; x_wconf 80' lang='lat' dir='ltr'><strong>necessaria</strong></span> <span class='ocrx_word' id='word_1_227' title='bbox 2870 3801 3096 3863; x_wconf 77' lang='lat' dir='ltr'><strong>essent</strong></span> 
     </span>
     <span class='ocr_line' id='line_1_30' title="bbox 996 3896 3095 3985; baseline 0.001 -24"><span class='ocrx_word' id='word_1_228' title='bbox 996 3904 1248 3985; x_wconf 83' lang='lat' dir='ltr'><strong>parata,</strong></span> <span class='ocrx_word' id='word_1_229' title='bbox 1316 3896 1599 3962; x_wconf 84' lang='lat' dir='ltr'><strong>intravit</strong></span> <span class='ocrx_word' id='word_1_230' title='bbox 1660 3918 1865 3962; x_wconf 83' lang='lat' dir='ltr'><strong>naves</strong></span> <span class='ocrx_word' id='word_1_231' title='bbox 1927 3900 1997 3961; x_wconf 91' lang='lat' dir='ltr'><strong>et</strong></span> <span class='ocrx_word' id='word_1_232' title='bbox 2057 3896 2278 3983; x_wconf 73' lang='lat' dir='ltr'><strong>galeas</strong></span> <span class='ocrx_word' id='word_1_233' title='bbox 2340 3920 2485 3963; x_wconf 88' lang='lat' dir='ltr'><strong>cum</strong></span> <span class='ocrx_word' id='word_1_234' title='bbox 2551 3920 2759 3964; x_wconf 78' lang='lat' dir='ltr'><strong>uxore</strong></span> <span class='ocrx_word' id='word_1_235' title='bbox 2820 3920 2960 3979; x_wconf 84' lang='lat' dir='ltr'><strong>sua,</strong></span> <span class='ocrx_word' id='word_1_236' title='bbox 3025 3905 3095 3964; x_wconf 86' lang='lat' dir='ltr'><strong>et</strong></span> 
     </span>
    </p>
   </div>
   <div class='ocr_carea' id='block_1_7' title="bbox 2872 4053 3040 4061">
    <p class='ocr_par' dir='ltr' id='par_1_20' title="bbox 2872 4053 3040 4061">
     <span class='ocr_line' id='line_1_31' title="bbox 2872 4053 3040 4061; baseline 0.012 -2"><span class='ocrx_word' id='word_1_237' title='bbox 2872 4053 2930 4060; x_wconf 47' lang='lat' dir='ltr'><strong>-n</strong></span> <span class='ocrx_word' id='word_1_238' title='bbox 2946 4054 3040 4061; x_wconf 62' lang='lat'><strong>-000</strong></span> 
     </span>
    </p>
   </div>
   <div class='ocr_carea' id='block_1_8' title="bbox 993 4117 3095 4883">
    <p class='ocr_par' dir='ltr' id='par_1_21' title="bbox 993 4117 3095 4883">
     <span class='ocr_line' id='line_1_32' title="bbox 1065 4117 3095 4188; baseline -0.001 -15"><span class='ocrx_word' id='word_1_239' title='bbox 1065 4122 1080 4153; x_wconf 88' lang='lat'>¹</span> <span class='ocrx_word' id='word_1_240' title='bbox 1114 4122 1194 4173; x_wconf 77' lang='lat' dir='ltr'><strong>As</strong></span> <span class='ocrx_word' id='word_1_241' title='bbox 1230 4121 1423 4171; x_wconf 86' lang='lat' dir='ltr'><strong>Robert</strong></span> <span class='ocrx_word' id='word_1_242' title='bbox 1447 4119 1683 4171; x_wconf 83' lang='lat' dir='ltr'><strong>Wiseard</strong></span> <span class='ocrx_word' id='word_1_243' title='bbox 1713 4121 1879 4184; x_wconf 80' lang='lat' dir='ltr'><strong>began</strong></span> <span class='ocrx_word' id='word_1_244' title='bbox 1914 4117 1994 4167; x_wconf 85' lang='lat' dir='ltr'><strong>his</strong></span> <span class='ocrx_word' id='word_1_245' title='bbox 2039 4122 2043 4165; x_wconf 78' lang='grc' dir='ltr'><strong>ἐ</strong></span> <span class='ocrx_word' id='word_1_246' title='bbox 2088 4119 2271 4186; x_wconf 74' lang='lat' dir='ltr'><strong>Roger,</strong></span> <span class='ocrx_word' id='word_1_247' title='bbox 2318 4122 2405 4172; x_wconf 87' lang='lat' dir='ltr'><strong>the</strong></span> <span class='ocrx_word' id='word_1_248' title='bbox 2448 4123 2696 4188; x_wconf 75' lang='lat' dir='ltr'><strong>offspring</strong></span> <span class='ocrx_word' id='word_1_249' title='bbox 2748 4122 2813 4173; x_wconf 82' lang='lat' dir='ltr'><strong>of</strong></span> <span class='ocrx_word' id='word_1_250' title='bbox 2858 4122 3095 4175; x_wconf 75' lang='lat' dir='ltr'><strong>Boben&#39;s</strong></span> 
     </span>
     <span class='ocr_line' id='line_1_33' title="bbox 996 4176 2555 4283; baseline 0 -31"><span class='ocrx_word' id='word_1_251' title='bbox 996 4216 1165 4253; x_wconf 81' lang='lat' dir='ltr'><strong>career</strong></span> <span class='ocrx_word' id='word_1_252' title='bbox 1184 4200 1238 4250; x_wconf 89' lang='lat' dir='ltr'><strong>in</strong></span> <span class='ocrx_word' id='word_1_253' title='bbox 1261 4200 1396 4264; x_wconf 76' lang='lat' dir='ltr'><strong>Italy</strong></span> <span class='ocrx_word' id='word_1_254' title='bbox 1418 4199 1473 4249; x_wconf 86' lang='lat' dir='ltr'><strong>in</strong></span> <span class='ocrx_word' id='word_1_255' title='bbox 1499 4204 1642 4259; x_wconf 80' lang='grc'><strong>1050,</strong></span> <span class='ocrx_word' id='word_1_256' title='bbox 1668 4200 1768 4248; x_wconf 84' lang='lat' dir='ltr'><strong>and</strong></span> <span class='ocrx_word' id='word_1_257' title='bbox 1789 4200 1907 4249; x_wconf 84' lang='lat' dir='ltr'><strong>died</strong></span> <span class='ocrx_word' id='word_1_258' title='bbox 1939 4198 1993 4248; x_wconf 90' lang='lat' dir='ltr'><strong>in</strong></span> <span class='ocrx_word' id='word_1_259' title='bbox 2038 4176 2043 4283; x_wconf 64' lang='grc' dir='ltr'>ξ</span> <span class='ocrx_word' id='word_1_260' title='bbox 2086 4201 2273 4250; x_wconf 81' lang='lat' dir='ltr'><strong>second</strong></span> <span class='ocrx_word' id='word_1_261' title='bbox 2293 4200 2555 4268; x_wconf 71' lang='lat' dir='ltr'><strong>man-iuge.</strong></span> 
     </span>
     <span class='ocr_line' id='line_1_34' title="bbox 1000 4271 3091 4348; baseline 0.001 -19"><span class='ocrx_word' id='word_1_262' title='bbox 1000 4286 1143 4341; x_wconf 85' lang='lat'>1085,</span> <span class='ocrx_word' id='word_1_263' title='bbox 1179 4280 1223 4329; x_wconf 89' lang='lat' dir='ltr'><strong>it</strong></span> <span class='ocrx_word' id='word_1_264' title='bbox 1266 4280 1312 4329; x_wconf 85' lang='lat' dir='ltr'><strong>is</strong></span> <span class='ocrx_word' id='word_1_265' title='bbox 1357 4279 1493 4329; x_wconf 80' lang='lat' dir='ltr'><strong>clear</strong></span> <span class='ocrx_word' id='word_1_266' title='bbox 1530 4277 1642 4327; x_wconf 80' lang='lat' dir='ltr'><strong>that</strong></span> <span class='ocrx_word' id='word_1_267' title='bbox 1684 4277 1771 4327; x_wconf 89' lang='lat' dir='ltr'><strong>the</strong></span> <span class='ocrx_word' id='word_1_268' title='bbox 1816 4277 1996 4328; x_wconf 85' lang='lat' dir='ltr'><strong>author</strong></span> <span class='ocrx_word' id='word_1_269' title='bbox 2152 4278 2173 4309; x_wconf 83' lang='lat'><strong>⁴</strong></span> <span class='ocrx_word' id='word_1_270' title='bbox 2208 4271 2455 4330; x_wconf 82' lang='lat' dir='ltr'><strong>Hoveden</strong></span> <span class='ocrx_word' id='word_1_271' title='bbox 2479 4279 2598 4330; x_wconf 88' lang='lat' dir='ltr'><strong>here</strong></span> <span class='ocrx_word' id='word_1_272' title='bbox 2620 4279 2804 4331; x_wconf 84' lang='lat' dir='ltr'><strong>inserts</strong></span> <span class='ocrx_word' id='word_1_273' title='bbox 2825 4280 2913 4331; x_wconf 87' lang='lat' dir='ltr'><strong>the</strong></span> <span class='ocrx_word' id='word_1_274' title='bbox 2946 4291 3091 4348; x_wconf 72' lang='lat' dir='ltr'><strong>story</strong></span> 
     </span>
     <span class='ocr_line' id='line_1_35' title="bbox 995 4355 3093 4426; baseline 0 -17"><span class='ocrx_word' id='word_1_275' title='bbox 995 4358 1310 4409; x_wconf 82' lang='lat' dir='ltr'><strong>transcribed</strong></span> <span class='ocrx_word' id='word_1_276' title='bbox 1345 4359 1417 4422; x_wconf 81' lang='lat' dir='ltr'><strong>by</strong></span> <span class='ocrx_word' id='word_1_277' title='bbox 1448 4372 1544 4407; x_wconf 88' lang='lat' dir='ltr'><strong>our</strong></span> <span class='ocrx_word' id='word_1_278' title='bbox 1567 4355 1860 4407; x_wconf 82' lang='lat' dir='ltr'><strong>Chronicler</strong></span> <span class='ocrx_word' id='word_1_279' title='bbox 1891 4371 1995 4405; x_wconf 76' lang='lat' dir='ltr'><strong>was</strong></span> <span class='ocrx_word' id='word_1_280' title='bbox 2085 4356 2149 4407; x_wconf 84' lang='lat' dir='ltr'><strong>of</strong></span> <span class='ocrx_word' id='word_1_281' title='bbox 2172 4357 2362 4408; x_wconf 86' lang='lat' dir='ltr'><strong>Robert</strong></span> <span class='ocrx_word' id='word_1_282' title='bbox 2380 4360 2479 4408; x_wconf 80' lang='lat' dir='ltr'><strong>and</strong></span> <span class='ocrx_word' id='word_1_283' title='bbox 2502 4359 2583 4409; x_wconf 80' lang='lat' dir='ltr'><strong>his</strong></span> <span class='ocrx_word' id='word_1_284' title='bbox 2606 4366 2706 4410; x_wconf 78' lang='lat' dir='ltr'><strong>two</strong></span> <span class='ocrx_word' id='word_1_285' title='bbox 2728 4375 2849 4409; x_wconf 80' lang='lat' dir='ltr'><strong>sons</strong></span> <span class='ocrx_word' id='word_1_286' title='bbox 2869 4360 3093 4426; x_wconf 80' lang='lat' dir='ltr'><strong>fighting</strong></span> 
     </span>
     <span class='ocr_line' id='line_1_36' title="bbox 997 4434 3094 4504; baseline 0 -16"><span class='ocrx_word' id='word_1_287' title='bbox 997 4438 1275 4503; x_wconf 79' lang='lat' dir='ltr'><strong>altogether</strong></span> <span class='ocrx_word' id='word_1_288' title='bbox 1291 4451 1470 4500; x_wconf 80' lang='lat' dir='ltr'><strong>wrong</strong></span> <span class='ocrx_word' id='word_1_289' title='bbox 1492 4435 1546 4484; x_wconf 87' lang='lat' dir='ltr'><strong>in</strong></span> <span class='ocrx_word' id='word_1_290' title='bbox 1562 4435 1644 4485; x_wconf 85' lang='lat' dir='ltr'><strong>his</strong></span> <span class='ocrx_word' id='word_1_291' title='bbox 1661 4434 1992 4500; x_wconf 76' lang='lat' dir='ltr'><strong>chronolog-y.</strong></span> <span class='ocrx_word' id='word_1_292' title='bbox 2084 4435 2225 4487; x_wconf 86' lang='lat' dir='ltr'><strong>three</strong></span> <span class='ocrx_word' id='word_1_293' title='bbox 2255 4438 2433 4488; x_wconf 73' lang='lat' dir='ltr'><strong>battles</strong></span> <span class='ocrx_word' id='word_1_294' title='bbox 2466 4437 2553 4488; x_wconf 86' lang='lat' dir='ltr'><strong>the</strong></span> <span class='ocrx_word' id='word_1_295' title='bbox 2585 4454 2719 4489; x_wconf 84' lang='lat' dir='ltr'><strong>same</strong></span> <span class='ocrx_word' id='word_1_296' title='bbox 2753 4440 2857 4503; x_wconf 80' lang='lat' dir='ltr'><strong>day</strong></span> <span class='ocrx_word' id='word_1_297' title='bbox 2889 4440 3094 4504; x_wconf 74' lang='lat' dir='ltr'><strong>against</strong></span> 
     </span>
     <span class='ocr_line' id='line_1_37' title="bbox 1060 4514 3092 4581; baseline 0.001 -15"><span class='ocrx_word' id='word_1_298' title='bbox 1060 4516 1081 4549; x_wconf 83' lang='lat'><strong>²</strong></span> <span class='ocrx_word' id='word_1_299' title='bbox 1115 4515 1320 4566; x_wconf 83' lang='lat' dir='ltr'><strong>Nieolas</strong></span> <span class='ocrx_word' id='word_1_300' title='bbox 1341 4514 1412 4564; x_wconf 88' lang='lat'><strong>11.</strong></span> <span class='ocrx_word' id='word_1_301' title='bbox 1438 4514 1494 4563; x_wconf 89' lang='lat' dir='ltr'><strong>in</strong></span> <span class='ocrx_word' id='word_1_302' title='bbox 1523 4519 1665 4565; x_wconf 76' lang='grc'><strong>1059.</strong></span> <span class='ocrx_word' id='word_1_303' title='bbox 2085 4514 2172 4565; x_wconf 88' lang='lat' dir='ltr'><strong>the</strong></span> <span class='ocrx_word' id='word_1_304' title='bbox 2194 4529 2419 4578; x_wconf 86' lang='lat' dir='ltr'><strong>emperor</strong></span> <span class='ocrx_word' id='word_1_305' title='bbox 2452 4515 2510 4566; x_wconf 88' lang='lat' dir='ltr'><strong>of</strong></span> <span class='ocrx_word' id='word_1_306' title='bbox 2545 4516 2979 4581; x_wconf 75' lang='lat' dir='ltr'><strong>Constantinople‚</strong></span> <span class='ocrx_word' id='word_1_307' title='bbox 3001 4519 3092 4568; x_wconf 83' lang='lat' dir='ltr'><strong>the</strong></span> 
     </span>
     <span class='ocr_line' id='line_1_38' title="bbox 1060 4592 3091 4659; baseline 0.001 -14"><span class='ocrx_word' id='word_1_308' title='bbox 1060 4594 1082 4628; x_wconf 80' lang='lat'><strong>³</strong></span> <span class='ocrx_word' id='word_1_309' title='bbox 1116 4596 1351 4645; x_wconf 84' lang='lat' dir='ltr'><strong>Tancred</strong></span> <span class='ocrx_word' id='word_1_310' title='bbox 1393 4596 1497 4644; x_wconf 61' lang='lat' dir='ltr'><strong>was</strong></span> <span class='ocrx_word' id='word_1_311' title='bbox 1541 4601 1631 4644; x_wconf 89' lang='lat' dir='ltr'><strong>not</strong></span> <span class='ocrx_word' id='word_1_312' title='bbox 1675 4592 1761 4642; x_wconf 84' lang='lat' dir='ltr'><strong>the</strong></span> <span class='ocrx_word' id='word_1_313' title='bbox 1807 4607 1899 4641; x_wconf 82' lang='lat' dir='ltr'><strong>son</strong></span> <span class='ocrx_word' id='word_1_314' title='bbox 1941 4593 2001 4643; x_wconf 83' lang='lat' dir='ltr'><strong>of</strong></span> <span class='ocrx_word' id='word_1_315' title='bbox 2086 4609 2229 4658; x_wconf 87' lang='lat' dir='ltr'><strong>pope,</strong></span> <span class='ocrx_word' id='word_1_316' title='bbox 2259 4596 2361 4644; x_wconf 82' lang='lat' dir='ltr'><strong>and</strong></span> <span class='ocrx_word' id='word_1_317' title='bbox 2394 4595 2479 4644; x_wconf 87' lang='lat' dir='ltr'><strong>the</strong></span> <span class='ocrx_word' id='word_1_318' title='bbox 2512 4610 2740 4659; x_wconf 83' lang='lat' dir='ltr'><strong>emperor</strong></span> <span class='ocrx_word' id='word_1_319' title='bbox 2771 4598 2832 4645; x_wconf 86' lang='lat' dir='ltr'><strong>of</strong></span> <span class='ocrx_word' id='word_1_320' title='bbox 2864 4597 2950 4646; x_wconf 88' lang='lat' dir='ltr'><strong>the</strong></span> <span class='ocrx_word' id='word_1_321' title='bbox 2983 4597 3091 4647; x_wconf 87' lang='lat' dir='ltr'><strong>Ro·</strong></span> 
     </span>
     <span class='ocr_line' id='line_1_39' title="bbox 993 4671 3088 4740; baseline 0 -15"><span class='ocrx_word' id='word_1_322' title='bbox 993 4676 1183 4725; x_wconf 86' lang='lat' dir='ltr'><strong>Robert</strong></span> <span class='ocrx_word' id='word_1_323' title='bbox 1209 4673 1459 4734; x_wconf 78' lang='lat' dir='ltr'><strong>Wisoard‚</strong></span> <span class='ocrx_word' id='word_1_324' title='bbox 1496 4674 1587 4722; x_wconf 88' lang='lat' dir='ltr'><strong>but</strong></span> <span class='ocrx_word' id='word_1_325' title='bbox 1620 4673 1680 4721; x_wconf 78' lang='lat' dir='ltr'><strong>of</strong></span> <span class='ocrx_word' id='word_1_326' title='bbox 1707 4673 1873 4722; x_wconf 79' lang='lat' dir='ltr'><strong>Eudes</strong></span> <span class='ocrx_word' id='word_1_327' title='bbox 1905 4671 1992 4723; x_wconf 91' lang='lat' dir='ltr'><strong>the</strong></span> <span class='ocrx_word' id='word_1_328' title='bbox 2084 4688 2253 4734; x_wconf 75' lang='lat' dir='ltr'><strong>mans;</strong></span> <span class='ocrx_word' id='word_1_329' title='bbox 2288 4673 2375 4723; x_wconf 89' lang='lat' dir='ltr'><strong>the</strong></span> <span class='ocrx_word' id='word_1_330' title='bbox 2409 4674 2662 4725; x_wconf 79' lang='lat' dir='ltr'><strong>Normans</strong></span> <span class='ocrx_word' id='word_1_331' title='bbox 2691 4674 2847 4740; x_wconf 82' lang='lat' dir='ltr'><strong>being</strong></span> <span class='ocrx_word' id='word_1_332' title='bbox 2880 4675 2935 4723; x_wconf 89' lang='lat' dir='ltr'><strong>in</strong></span> <span class='ocrx_word' id='word_1_333' title='bbox 2959 4676 3088 4725; x_wconf 77' lang='lat' dir='ltr'><strong>each</strong></span> 
     </span>
     <span class='ocr_line' id='line_1_40' title="bbox 995 4750 2509 4818; baseline 0 -15"><span class='ocrx_word' id='word_1_334' title='bbox 995 4754 1143 4804; x_wconf 87' lang='lat' dir='ltr'><strong>Good</strong></span> <span class='ocrx_word' id='word_1_335' title='bbox 1164 4752 1391 4818; x_wconf 72' lang='lat' dir='ltr'><strong>Mai-quis</strong></span> <span class='ocrx_word' id='word_1_336' title='bbox 1412 4753 1512 4802; x_wconf 85' lang='lat' dir='ltr'><strong>and</strong></span> <span class='ocrx_word' id='word_1_337' title='bbox 1532 4752 1714 4801; x_wconf 79' lang='lat' dir='ltr'><strong>Emma</strong></span> <span class='ocrx_word' id='word_1_338' title='bbox 1745 4750 1994 4816; x_wconf 83' lang='lat' dir='ltr'><strong>daughter</strong></span> <span class='ocrx_word' id='word_1_339' title='bbox 2085 4754 2199 4803; x_wconf 67' lang='lat' dir='ltr'><strong>eabe</strong></span> <span class='ocrx_word' id='word_1_340' title='bbox 2220 4751 2509 4804; x_wconf 75' lang='lat' dir='ltr'><strong>victorious,</strong></span> 
     </span>
     <span class='ocr_line' id='line_1_41' title="bbox 995 4830 1994 4883; baseline 0.001 -2"><span class='ocrx_word' id='word_1_341' title='bbox 995 4832 1056 4882; x_wconf 84' lang='lat' dir='ltr'><strong>of</strong></span> <span class='ocrx_word' id='word_1_342' title='bbox 1069 4832 1274 4883; x_wconf 80' lang='lat' dir='ltr'><strong>Robert.</strong></span> <span class='ocrx_word' id='word_1_343' title='bbox 1342 4831 1454 4880; x_wconf 86' lang='lat' dir='ltr'><strong>The</strong></span> <span class='ocrx_word' id='word_1_344' title='bbox 1476 4846 1569 4881; x_wconf 78' lang='lat' dir='ltr'><strong>son</strong></span> <span class='ocrx_word' id='word_1_345' title='bbox 1591 4835 1763 4881; x_wconf 80' lang='lat' dir='ltr'><strong>meant</strong></span> <span class='ocrx_word' id='word_1_346' title='bbox 1792 4830 1913 4881; x_wconf 86' lang='lat' dir='ltr'><strong>here</strong></span> <span class='ocrx_word' id='word_1_347' title='bbox 1934 4830 1994 4882; x_wconf 75' lang='lat' dir='ltr'><strong>&#39;is</strong></span> 
     </span>
    </p>
   </div>
   <div class='ocr_carea' id='block_1_9' title="bbox 3471 4346 3474 5811">
    <p class='ocr_par' dir='ltr' id='par_1_22' title="bbox 3471 4346 3474 5811">
     <span class='ocr_line' id='line_1_42' title="bbox 3471 4346 3474 5811; baseline 0 0"><span class='ocrx_word' id='word_1_348' title='bbox 3471 4346 3474 5811; x_wconf 95' lang='lat' dir='ltr'><strong> </strong></span> 
     </span>
    </p>
   </div>
  </div>
 </body>
</html>
