3585 5863
280 1968 527 2024 Hoveden,

281 2025 377 2066 888.
393 2034 435 2066 a.
450 2028 518 2069 14.

1262 898 1272 908 ·
1352 890 1643 940 nenium
1688 889 2010 940 securim
2649 878 2733 947 13

638 1064 678 1089 ‘⁸
716 1062 913 1133 guinis
970 1064 1154 1134 partis
1204 1069 1538 1120 nostrorum
1592 1066 1882 1138 majorum
1934 1066 2235 1131 effusione,
2275 1085 2382 1140 per
2417 1087 2596 1125 novos
2633 1070 2734 1125 do·
2793 1076 2901 1120 Δ.1).
2919 1078 3034 1123 1137.

638 1150 676 1174 “
714 1148 902 1202 minos
940 1149 1044 1219 qui
1078 1164 1186 1202 nec
1223 1148 1416 1204 Deum
1450 1150 1661 1205 timere
1698 1150 2050 1207 videbantur
2083 1169 2191 1206 nec
2215 1153 2482 1207 homines
2517 1155 2731 1218 vereri,

636 1234 674 1257 ‘⁸
713 1231 777 1286 in
811 1232 1077 1303 partibus
1132 1232 1252 1286 illis
1305 1232 1586 1304 injuriam
1638 1235 1918 1305 patimur,
1956 1252 2066 1293 nec
2119 1236 2304 1291 ullam
2358 1236 2548 1293 adhuc
2599 1237 2736 1292 inde

636 1317 673 1341 “
712 1314 1074 1386 potuerimus
1110 1317 1394 1387 consequi
1444 1318 1752 1384 rationem,
1811 1318 1967 1374 sicut
2016 1319 2091 1374 ad
2145 1320 2472 1376 sanctitatis
2519 1330 2734 1377 vestrae

634 1400 673 1425 “
708 1399 977 1454 notitiam
1013 1400 1354 1470 pervenisse
1404 1419 1523 1456 non
1575 1402 1936 1469 dubitamus,
1986 1403 2281 1460 mandatis
2333 1405 2571 1470 vestris,
2609 1412 2736 1461 tan-

633 1485 674 1510 “
711 1501 887 1553 quam
920 1484 1108 1554 patris
1144 1489 1206 1539 et
1250 1485 1490 1551 domini,
1528 1485 1694 1541 nulla
1743 1486 1975 1542 ratione
2027 1486 2344 1544 deerimus.
2417 1488 2632 1547 Valeat
2671 1490 2732 1544 in

633 1569 672 1594 ‘⁶
710 1567 963 1623 Domino
996 1568 1278 1625 sanctitas
1312 1575 1531 1635 vestra,
1568 1569 1666 1641 pie
1700 1576 1887 1641 pater.

632 1823 674 1849 “
698 1822 963 1895 Epistola
985 1825 1205 1895 fratris
1230 1825 1466 1893 Tem-ici,
1492 1827 1688 1897 maqni
1716 1826 2075 1899 praeoeptoria
2113 1828 2334 1901 Templi
2367 1827 2731 1886 Jerusalem)

2845 1832 2873 1876 J
2879 1832 2973 1884 1115.

703 1965 742 1991 “
767 1963 976 2020 Frater
1010 1964 1334 2028 Terricus,²
1369 1965 1763 2038 pauperrima>
1812 1967 2019 2023 domus
2056 1967 2287 2040 Templi
2322 1968 2515 2025 dictus
2563 1987 2726 2041 mag·
2752 1983 2977 2034 Ten-ricus.

627 2048 667 2074 ‘¹
703 2066 813 2103 nus
849 2054 1192 2121 praeceptor,
1220 2050 1528 2121 omnisque
1551 2050 1801 2105 fratmm
1824 2051 2236 2123 pauperrimus
2262 2058 2324 2108 et
2346 2053 2469 2107 fere
2494 2053 2728 2109 omnino

2751 2034 2834 2078 the
2848 2039 2980 2087 great

627 2133 666 2158 “
705 2131 1061 2188 adnihilatus
1098 2138 1440 2198 conventus,
1478 2134 1773 2190 universis
1828 2135 2289 2208 praeceptoribus
2339 2143 2400 2192 et
2447 2137 2728 2193 fratribus
2751 2086 3059 2229 {ffiffffiff‘

2750 2185 2943 2228 informs

3012 2150 3051 2185 (ὃ

2993 2187 3033 2229 is

628 2218 665 2243 “
704 2216 936 2288 Templi
968 2216 1044 2272 ad
1080 2234 1228 2289 quos
1263 2217 1479 2273 litterae
1516 2219 1646 2274 istae
1681 2219 2074 2291 pervenerint,
2103 2221 2370 2286 salutem,
2394 2227 2455 2277 et
2489 2222 2552 2277 in
2573 2223 2728 2276 Eum
2751 2236 2970 2279 brothren

627 2301 667 2327 “
706 2300 1004 2372 suspirare
1041 2300 1228 2372 Cujus
1264 2301 1763 2373 pulchritudinem
1789 2301 1894 2358 Sol
1929 2307 1989 2358 et
2022 2303 2191 2360 Luna
2210 2304 2517 2361 mirantur.
2576 2304 2730 2374 Quot

627 2385 665 2411 ‘⁴
706 2385 1060 2457 quantisque
1097 2384 1530 2441 calamitatibus
1582 2385 1675 2441 ira
1722 2386 1856 2451 Dei,
1894 2387 2113 2442 nostris
2148 2389 2407 2459 peccatis
2443 2388 2725 2459 exigenti·
2750 2386 2986 2440 risu-tuly
3000 2389 3063 2440 8),

627 2469 666 2496 “
703 2469 834 2536 bus,
877 2487 983 2525 nos
1024 2469 1088 2525 in
1139 2469 1418 2541 praesenti
1472 2469 1761 2542 flagellari
1813 2471 2170 2542 permiserit,
2209 2491 2318 2528 nec
2368 2473 2585 2528 litteris
2620 2491 2727 2528 nec

628 2553 668 2581 “
703 2571 848 2609 voce
907 2553 1110 2619 flebili,
1150 2553 1300 2626 proh
1350 2553 1552 2609 dolor!
1606 2554 1901 2626 explicare
1953 2555 2239 2612 valemus.

2338 2557 2517 2613 Turci
2570 2557 2727 2611 enim

627 2640 667 2664 “
704 2637 1052 2694 immensam
1119 2637 1389 2707 gentium
1466 2654 1707 2693 suarum
1780 2638 2219 2694 multitudinem
2280 2647 2723 2710 congreganteS,

629 2724 667 2749 “
705 2722 1174 2778 Christianorum
1221 2727 1559 2777 nostrorum
1610 2721 1754 2777 fines
1809 2721 2026 2777 acriter
2078 2722 2355 2778 invadere
2405 2731 2723 2796 coeperunt.

627 2808 667 2834 ‘⁸
707 2806 924 2863 Contra
959 2825 1106 2878 quos
1140 2823 1247 2862 nos
1283 2806 1617 2862 nostrarum
1653 2806 1921 2877 gentium
1954 2806 2277 2878 phalanges
2313 2807 2723 2871 coadunantes,

628 2893 668 2920 ‘⁶
705 2893 859 2948 infra
909 2899 1146 2949 octavas
1197 2892 1505 2947 beatorum
1559 2889 1958 2963 apostolorum
2005 2890 2171 2946 Petri
2224 2897 2285 2948 et
2333 2890 2540 2948 Pau1i³
2591 2909 2724 2949 cum

628 2978 681 3052 ’ᾗ
705 2978 790 3032 eis
827 2975 1128 3048 congredi,
1169 2979 1228 3030 et
1273 2993 1484 3031 versus
1535 2974 1928 3039 Tiberiadem,
1969 2993 2146 3046 quam
2182 2975 2489 3041 violenter,
2531 2984 2724 3032 castro
2746 2980 2842 3024 *ud
2856 2981 3025 3026 routod

2750 2286 3064 2380 abasse

2747 3034 2830 3076 the
2846 3032 2999 3075 Chris-

625 3063 666 3089 “
703 3061 826 3117 solo
860 3061 1086 3124 relict0,
1114 3065 1406 3131 ceperant,
1432 3059 1546 3114 iter
1581 3059 1843 3131 arripere
1878 3059 2379 3131 praesumpsimus.
2457 3059 2724 3133 Cumque
2747 3083 2847 3125 tisun
2866 3084 3024 3134 rorcae,

624 3147 665 3173 “
700 3164 806 3200 nos
842 3145 906 3199 in
942 3143 1199 3216 scopulis
1233 3143 1509 3215 pessimis
1545 3143 1938 3216 impulissent,
1976 3161 2083 3200 nos
2135 3144 2222 3199 ita
2255 3145 2469 3201 acriter
2503 3163 2722 3219 expug-

621 3231 662 3256 “
696 3234 1005 3292 naverunt,
1047 3227 1206 3299 quod
1242 3245 1416 3284 cruce
1453 3232 1656 3283 sancta
1689 3233 1751 3284 et
1784 3244 1929 3299 rege
1963 3232 2165 3283 nostro
2200 3229 2408 3301 captis,
2459 3236 2520 3285 et
2565 3231 2723 3286 omni
2746 3234 2841 3277 and
2856 3234 3009 3288 thirty

619 3312 657 3340 “
694 3312 1072 3368 multitudine
1121 3316 1325 3367 nostra
1372 3311 1702 3376 interfecta,
1743 3315 1805 3366 et
1853 3312 2105 3367 fratrum
2156 3319 2510 3379 nostrorum,
2550 3320 2620 3370 ut
2659 3315 2721 3370 in

618 3399 658 3423 ‘⁴
697 3397 947 3452 veritate
984 3395 1300 3460 credimus,
1355 3394 1562 3450 eodem
1611 3395 1707 3450 die
1767 3394 2037 3450 ducentis
2087 3394 2336 3467 triginta
2394 3397 2717 3464 decollatiS,

617 3483 656 3509 “
696 3480 953 3553 exceptis
989 3480 1112 3536 illis
1149 3478 1456 3550 sexaginta
1492 3479 1596 3550 qui
1630 3478 1825 3550 prima
1859 3478 1955 3533 die
1990 3478 2137 3533 Maii
2191 3479 2526 3553 interempti
2563 3490 2718 3547 sunt,
2788 3490 2847 3533 fo.
2865 3491 2940 3532 123
2954 3495 3014 3532 ι*-

618 3566 661 3592 “
696 3564 797 3619 vix
832 3563 1103 3620 dominus
1139 3563 1395 3635 Tripolis
1432 3569 1495 3618 et
1527 3563 1800 3618 dominus
1847 3561 2212 3634 Reginaldus
2251 3563 2502 3632 Sidonis,
2540 3566 2724 3622 domi-

684 3786 701 3820 ¹
738 3788 868 3839 This
900 3788 1048 3840 letter
1076 3787 1542 3839 occursalsoinR.
1567 3787 1632 3839 de

618 3867 818 3929 Diceto,
850 3872 945 3917 635
972 3887 988 3928 ς
1023 3866 1212 3919 Chron.
1248 3866 1631 3933 Reichersperg,

618 3953 718 3997 320
738 3968 752 4006 ς
769 3947 826 3996 in
840 3946 927 3997 the
942 3945 1308 3998 Continuation
1321 3947 1385 3997 of
1398 3945 1631 3998 william

619 4027 679 4076 of
704 4025 858 4092 Tyre,
881 4024 995 4078 MS.
1020 4026 1147 4092 Reg.
1177 4029 1256 4087 14,
1282 4025 1340 4077 C.
1370 4030 1448 4086 lo,
1462 4025 1551 4075 lib.
1574 4023 1630 4075 ii.

618 4120 728 4169 cap.
753 4110 799 4156 6.

682 4182 708 4215 ²
736 4183 1003 4250 Ter-ricus]
1030 4181 1353 4245 Terrencius,
1370 4183 1432 4233 Β.
1489 4182 1573 4234 He
1588 4180 1632 4233 is

621 4262 733 4313 said
766 4271 821 4314 to
852 4262 984 4313 have
1004 4263 1284 4312 succeeded
1302 4261 1522 4324 Arnold,
1544 4261 1633 4313 the

621 4342 797 4392 Grand
814 4341 1008 4392 master
1022 4341 1141 4391 who
1155 4340 1272 4392 died
1289 4341 1343 4391 in
1366 4346 1512 4401 1184,
1530 4342 1633 4391 and

616 4429 672 4470 to
695 4420 828 4470 have
847 4422 975 4471 been
998 4419 1085 4470 the
1109 4420 1289 4472 Grand
1304 4420 1499 4471 Master
1513 4420 1632 4470 who

617 4515 720 4550 vas
734 4500 887 4549 taken
897 4506 951 4550 at
963 4499 1051 4550 the
1067 4499 1224 4549 battle
1241 4499 1301 4550 of
1309 4499 1497 4550 Hittin.
1532 4497 1632 4547 Art

615 4578 675 4629 de
699 4577 910 4642 Vltifier
941 4576 1012 4628 les
1028 4577 1212 4640 Date-5,
1230 4580 1325 4630 διο.
1373 4578 1436 4628 Β.
1458 4579 1521 4628 de
1538 4577 1632 4627 Di-

617 4666 745 4720 ceto,
759 4664 874 4710 639.
918 4657 1116 4710 Germ-d
1128 4660 1192 4708 de
1199 4657 1485 4717 Bidesford‚
1492 4657 1632 4707 how-

617 4753 751 4798 ever,
774 4738 820 4789 is
841 4737 1134 4788 mentioned
1165 4739 1238 4803 by
1259 4737 1346 4788 the
1373 4738 1557 4788 author
1577 4736 1641 4786 of

615 4818 704 4869 the
724 4817 1051 4870 Itinerarium
1074 4817 1149 4883 (p.
1177 4819 1236 4882 6)
1269 4832 1326 4869 as
1346 4815 1435 4868 the
1453 4816 1632 4869 Grand

1716 3785 1910 3837 Μαδια-
1930 3786 1987 3836 in
2009 3786 2135 3852 May
2155 3789 2300 3850 1187,
2315 3789 2418 3838 and
2434 3804 2489 3840 as
2504 3789 2654 3841 taken
2672 3799 2725 3843 at

1717 3865 1889 3917 Hirtio
1914 3868 1990 3932 (p.
2020 3869 2142 3931 16);
2177 3881 2235 3917 so
2256 3867 2370 3918 that
2388 3868 2564 3919 Tei-ric
2585 3879 2725 3921 must

1717 3944 1851 3996 have
1906 3946 2144 4011 resigned
2204 3945 2282 3995 his
2343 3946 2486 3997 office
2554 3950 2724 3999 before

1715 4022 1820 4074 thiu
1839 4023 1979 4076 time.
2028 4024 2109 4075 As
2129 4024 2185 4074 in
2208 4024 2311 4076 this
2333 4025 2480 4077 letter
2500 4027 2565 4077 he
2587 4044 2727 4078 men-

1716 4102 1855 4153 tions
1891 4102 1973 4153 his
1995 4118 2174 4168 escape
2206 4104 2338 4154 from
2358 4104 2446 4156 the
2480 4107 2640 4157 battle
2671 4108 2733 4158 os

1718 4181 1907 4242 Hittin,
1932 4181 1973 4233 it
2010 4181 2056 4232 is
2092 4182 2276 4249 hardly
2312 4184 2474 4250 likely
2511 4185 2623 4236 that
2658 4186 2725 4238 he

1717 4276 1822 4311 vas
1863 4261 2042 4313 Grand
2074 4260 2265 4313 Master
2295 4262 2353 4313 in
2387 4262 2518 4330 July
2556 4270 2722 4327 11873

1715 4342 1808 4391 but
1822 4340 1865 4391 it
1885 4355 2005 4405 may
2020 4341 2083 4390 be
2096 4338 2251 4405 fairly
2268 4342 2488 4392 doubted
2499 4342 2726 4395 whether

1717 4421 1782 4472 he
1817 4435 1935 4472 ever
1979 4421 2098 4471 held
2141 4420 2230 4471 the
2263 4421 2422 4474 office.
2489 4422 2573 4474 He
2605 4440 2725 4489 may

1716 4500 1849 4553 have
1877 4502 2006 4551 been
2040 4502 2229 4567 deputy
2261 4501 2447 4568 during
2488 4503 2574 4554 the
2608 4520 2725 4571 cap-

1716 4578 1870 4645 tivity
1892 4580 1952 4629 of
1969 4579 2180 4631 Get-ard.

1782 4657 1806 4690 ⁸
1840 4663 1872 4687 “
1887 4659 1963 4710 νο.
1986 4658 2180 4709 seilicet
2196 4666 2246 4711 et
2267 4659 2386 4712 iffi0.
2403 4675 2523 4714 non.
2540 4663 2721 4722 Julii,”

1713 4736 1813 4789 ins.
1836 4738 1900 4789 R.
1923 4739 1985 4788 de
2007 4738 2204 4789 Diceto.

2745 3133 3020 3227 {saw

2746 3285 2951 3337 knights.
