3585 5863
209 2032 418 2087 Heredem

208 2085 417 2181 aar

1403 923 1706 973 MCARDI.

2476 909 2602 971 245

599 1117 819 1163 coram
862 1097 1188 1164 universis
1241 1098 1686 1165 cardinalibus
1731 1104 1801 1166 et
1844 1100 2015 1165 clero
2061 1104 2130 1164 et
2175 1097 2417 1184 populo
2463 1097 2607 1161 dix·

513 1412 547 1437 “
594 1405 1015 1470 sanctitatem
1082 1410 1396 1486 vestram,
1449 1412 1528 1472 ut
1594 1407 1849 1485 saltem,
1918 1406 2052 1494 pro'
2084 1426 2306 1471 amore
2353 1406 2480 1471 Dei
2542 1407 2612 1468 et

515 1615 553 1644 “
602 1608 771 1673 vitia
810 1631 961 1695 quae
990 1610 1180 1676 vobis
1211 1609 1518 1677 dominus
1549 1616 1773 1677 noster
1805 1611 2089 1677 Eliensis
2120 1611 2462 1697 episcopus
2501 1609 2613 1674 de-

516 1719 554 1745 “
602 1718 758 1777 vote
801 1712 1146 1793 exhibuit3
1191 1718 1259 1779 et
1302 1718 1384 1778 ut
1428 1714 1808 1779 testimonio
1849 1713 2154 1779 veritatis
2184 1712 2614 1800 opprobrium

520 1818 557 1847 “
604 1812 855 1878 domini
900 1815 1108 1879 nostri
1161 1820 1231 1882 et
1274 1819 1577 1881 nostrum
1627 1816 1926 1895 tollaturg
1975 1838 2061 1882 ne
2103 1815 2358 1880 inimici
2403 1815 2613 1880 nostri

517 1921 557 1951 “
603 1914 681 1981 de
727 1915 978 2001 injusta
1017 1917 1566 1983 condemnatione
1608 1925 1839 1984 nostra
1881 1915 2328 1984 hilarescant-‚²³

610 2017 740 2082 His
801 2024 873 2083 et
938 2018 1086 2084 aliis
1144 2018 1528 2105 hujusmodi
1571 2019 2168 2101 exhortationibuS,

518 2120 692 2184 ensis
754 2120 1037 2210 episcopi
1102 2121 1266 2187 adeo
1332 2121 1583 2187 domini
1642 2144 1833 2209 papae
1886 2121 2180 2187 animum
2223 2122 2297 2186 in
2342 2125 2613 2187 conatus

518 2242 670 2287 suos
732 2221 1124 2301 allexerunt,
1188 2225 1366 2310 quod
1431 2224 1506 2289 in
1575 2225 1858 2291 crastino
1925 2224 2103 2290 idem
2148 2246 2335 2312 papa,
2380 2223 2615 2289 sedens

520 2346 639 2411 pro
688 2325 1027 2404 tribunali,
1078 2348 1297 2392 coram
1360 2327 1805 2393 cardinalibus
1873 2332 1942 2393 et
2002 2327 2173 2393 clero
2239 2332 2310 2392 et
2375 2325 2615 2413 populo

523 2535 560 2564 “
604 2530 675 2594 in
722 2530 1064 2595 dominum
1110 2530 1443 2596 Eliensem
1487 2532 1883 2618 episcopum,
1918 2537 1987 2597 et
2031 2533 2104 2597 in
2150 2531 2415 2597 clericos
2459 2531 2616 2615 ejus.

522 2636 561 2668 “
606 2632 1012 2699 Recordatus
1080 2633 1258 2698 enim
1325 2655 1471 2698 sum
1541 2634 1715 2720 quod
1786 2634 2031 2700 litterae
2095 2634 2231 2701 illae
2276 2634 2621 2699 confirma-

523 2739 561 2770 “
606 2735 812 2800 tionis
839 2742 1086 2802 nostrae
1115 2757 1309 2822 super
1338 2737 1671 2802 sententia
1699 2733 2394 2802 excommunicationis
2423 2757 2621 2822 quam

520 2844 557 2873 “
604 2837 912 2902 dominus
965 2837 1248 2903 Eliensis
1316 2838 1590 2903 dederat
1655 2838 1728 2903 in
1795 2839 2103 2904 comitem
2174 2837 2502 2904 Meretoni
2550 2842 2622 2902 et

524 2947 562 2975 “
607 2940 680 3004 in
710 2940 1310 3029 Rothomagensem
1356 2941 1912 3029 archiepiscopum
1958 2947 2027 3007 et
2071 2942 2417 3028 complices
2455 2962 2623 3022 suos,

529 3053 565 3078 “
623 3043 740 3129 qui
803 3065 955 3109 eum
1019 3042 1348 3110 violenter
1391 3067 1433 3109 a
1476 3043 1795 3132 regimine
1840 3044 2103 3132 Angliae
2149 3044 2541 3130 dejecerunt,
2585 3066 2628 3109 a

528 3154 565 3182 “
612 3146 1015 3212 conscientia
1077 3151 1322 3225 nostra,
1367 3153 1437 3213 et
1485 3170 1545 3221 ‚a
1602 3147 1949 3213 voluntate
1996 3151 2507 3213 emanaverunt:
2558 3152 2628 3212 et

527 3256 562 3283 “
608 3269 716 3313 eas
784 3247 1002 3314 adhuc
1070 3255 1252 3314 ratas
1304 3249 1636 3326 habemus,
1685 3254 1754 3315 et
1798 3271 1906 3315 eas
1951 3249 2369 3337 praecipimus
2414 3249 2628 3315 invio·

526 3356 564 3385 “
610 3349 902 3415 labiliter
970 3349 1323 3431 observari,
1379 3351 1588 3417 donec
1648 3350 1952 3437 praedicti
2015 3373 2230 3418 comes
2290 3351 2372 3417 de
2419 3351 2628 3417 Mere-

529 3458 563 3487 “
610 3457 768 3518 tone
837 3458 908 3517 et
968 3451 1488 3540 archiepiscopus
1532 3452 2101 3542 Rothomagensis,
2149 3460 2218 3519 et
2283 3453 2629 3540 complices

531 3560 567 3590 “
610 3556 732 3632 sui,
777 3554 863 3620 ad
909 3554 1305 3642 condignam
1352 3554 1871 3621 satisfactionem
1915 3555 2360 3642 perveniant.”

618 3657 904 3722 Interim
965 3656 1193 3722 nuncii
1253 3677 1418 3743 quos
1465 3655 1933 3722 Dunelmensis
1976 3658 2316 3745 episcopus
2359 3656 2629 3721 miserat

512 3765 762 3825 'contra
808 3759 1204 3825 Gaufridum
1258 3759 1734 3825 Eboracensem
1797 3759 2359 3847 archiepiscopum
2419 3759 2628 3824 redie-

530 3867 705 3939 runt,
734 3864 1078 3949 portantes
1121 3861 1380 3926 litteras
1410 3861 1653 3926 summi
1697 3860 2027 3947 pontificis
2064 3861 2138 3926 in
2182 3861 2304 3927 hac
2332 3860 2544 3926 forma

518 4035 525 4042 .
606 3987 645 4013 “
668 3984 1020 4040 Coelestinus
1048 3981 1432 4056 [episcopum]
1460 4003 1666 4041 servus
1704 3984 2026 4040 servorum'
2045 3964 2739 4062 Dei‚·venerabilibus‚²¹¹⁰
2755 3974 2885 4016 9⁰9⁶·

537 4073 576 4097 “
614 4069 899 4125 fratribus
935 4068 1332 4124 Lincolniensi
1385 4077 1446 4124 et
1492 4068 1737 4125 Rofensi
1787 4068 2098 4141 episcopis,
2138 4075 2199 4125 et
2247 4068 2462 4125 dilecto
2514 4068 2637 4124 filio

601 4224 617 4255 ¹
647 4224 773 4273 This
793 4223 941 4273 letter
960 4222 1004 4272 is
1024 4223 1177 4288 given
1200 4224 1269 4287 by
1290 4222 1537 4273 Hoveden

535 4306 695 4354 under
738 4304 824 4353 the
868 4317 992 4368 year
1041 4306 1184 4364 1191,
1228 4302 1320 4351 but
1363 4317 1417 4352 as
1474 4302 1538 4352 he

533 4385 690 4434 refers
710 4390 766 4433 to
787 4382 831 4431 it
851 4396 907 4432 as
928 4383 1014 4432 the
1035 4382 1191 4432 result
1211 4382 1274 4430 of
1285 4396 1318 4431 a
1337 4381 1539 4432 mission

536 4469 590 4514 to
633 4463 795 4512 Rome
838 4460 893 4510 in
955 4475 1299 4526 consequence
1348 4460 1408 4510 of
1454 4460 1540 4510 the

536 4548 802 4592 treatment
815 4540 874 4590 of
882 4539 1040 4600 John,
1056 4540 1344 4590 mentioned
1363 4541 1540 4600 above,

541 4638 589 4685 p.
643 4626 758 4680 236,
815 4620 860 4668 it
917 4620 1164 4685 probably
1223 4620 1433 4682 belongs
1488 4625 1541 4669 to

541 4701 774 4763 January
817 4714 876 4748 or
918 4698 1179 4764 February
1221 4704 1387 4748 1192*
1432 4699 1542 4749 The

542 4778 682 4830 curia
702 4793 806 4828 was
844 4786 896 4828 at
933 4777 1017 4829 the
1038 4777 1255 4828 Lateran
1295 4778 1425 4829 from
1458 4776 1543 4827 the

543 4857 731 4908 middle
752 4858 814 4906 of
842 4857 1101 4921 February
1122 4864 1177 4908 to
1209 4857 1334 4922 May
1356 4855 1409 4906 in
1445 4855 1544 4907 this

2289 4178 2612 4185 ——m-

1639 4236 1775 4289 year.
1823 4221 1900 4274 cf.
1918 4222 1956 4273 J
1957 4221 2070 4284 affe,
2084 4227 2200 4273 891.
2232 4222 2479 4273 Hoveden
2500 4223 2640 4286 adds,

1641 4302 1747 4352 that
1801 4301 1886 4351 the
1927 4302 2177 4367 delegates
2220 4309 2298 4353 sat
2351 4310 2404 4352 at
2455 4302 2640 4352 North-

1640 4389 1859 4445 ampton,
1877 4381 1975 4430 and
1993 4384 2278 4447 prorogned
2299 4382 2434 4432 their
2452 4381 2641 4433 session

1641 4461 1771 4511 until
1792 4460 1831 4510 J
1832 4460 1920 4525 uly
1940 4465 1981 4511 l.
2014 4460 2125 4510 The
2147 4461 2294 4512 letter
2313 4468 2463 4524 must,
2477 4461 2642 4512 there·

1642 4540 1766 4602 fore,
1789 4539 1917 4589 have
1934 4541 2061 4590 been
2083 4539 2309 4590 received
2326 4540 2466 4605 early
2478 4540 2535 4589 in
2557 4540 2644 4590 the

1642 4633 1777 4684 year.
1822 4618 2119 4683 According
2138 4626 2193 4669 to
2217 4617 2438 4669 Gervase
2459 4621 2644 4684 (1581)

1643 4698 1730 4749 the
1750 4698 1873 4748 final
1905 4699 2124 4749 concord
2161 4699 2385 4750 between
2408 4698 2645 4763 Geoffrey

1645 4779 1746 4828 and
1779 4777 1937 4843 Hugh
1959 4793 2064 4828 was
2084 4778 2228 4828 made
2251 4778 2417 4829 before
2451 4777 2538 4828 the
2560 4778 2645 4828 de·

1645 4857 1832 4922 legates
1854 4863 1908 4907 at
1927 4856 2293 4922 Northampton
2315 4857 2370 4908 in
2395 4858 2628 4910 October.

2663 1100 2775 1145 Am.
2792 1102 2912 1145 noa

517 1205 555 1234 “
598 1198 784 1265 eritis
844 1200 1023 1286 quod
1066 1222 1408 1287 nunquam
1454 1202 1789 1288 praedictae
1835 1202 2080 1268 litterae
2124 1223 2167 1266 a
2210 1199 2609 1265 conscientia
2631 1149 2920 1258 ἰ’ξὼῖἷιῗῃ

514 1311 549 1336 “
595 1307 818 1367 vestra
869 1303 1190 1390 originem
1234 1303 1621 1370 duxerunt?
2771 1264 2870 1308 mm

1710 1305 2062 1371 Precamur
2107 1325 2280 1390 ergo,
2325 1302 2607 1380 domine,
2632 1314 2948 1410 {gfff-3333

2634 1415 2813 1519 glstlffp.
2828 1465 2923 1509 aud

513 1512 551 1541 “
596 1507 843 1572 honore
874 1507 1191 1574 Romanae
1237 1508 1537 1588 ecclesiae,
1566 1508 1901 1575 reducatis
1930 1509 2018 1574 ad
2046 1508 2433 1575 memoriam
2479 1528 2612 1572 ser·
2634 1516 2934 1611 ffi‘ffflssroe

2636 1616 2798 1661 aucha

2635 1668 2818 1721 charge.

2212 2019 2428 2085 clerici
2473 2017 2611 2083 Eli-
2635 2015 2868 2112 321⁰}ss

2635 2118 2744 2163 that
2759 2118 2820 2162 he

2637 2160 2935 2263 ’ὧὲἪοωᾶ

2637 2269 2801 2314 letters
2815 2270 2867 2313 in

2638 2321 2874 2415 3333&

523 2426 718 2507 dixit,
752 2434 789 2462 “
812 2427 1077 2494 Fratres
1106 2429 1256 2509 mei,
1290 2430 1607 2495 confiteor
1636 2429 1828 2495 vobis
1869 2452 1974 2496 me
2003 2428 2298 2517 graviter
2325 2448 2618 2516 peccasse
2641 2420 2814 2516 {RQ

2686 3166 2750 3208 fo.
2767 3166 2844 3209 186
2858 3172 2923 3208 v0.

2650 3661 2926 3756 ggffiena

2651 3762 2817 3816 bishop
2833 3764 2885 3805 of

2653 3813 2863 3856 Durham

2567 3885 2584 3941 3
2605 3857 2630 3897 1
2653 3875 2816 3956 igtton
2832 3862 2949 3957 3103
