3585 5863
1347 836 1639 888 HENRIOI
1686 836 2007 890 suenum.
2645 832 2730 894 35

263 1025 514 1121 margum,
617 1010 794 1097 quod
837 1008 1195 1097 praedictus
1239 1032 1452 1077 comes
1497 1013 1581 1078 de
1626 1013 1875 1080 Sancto
1920 1014 2188 1102 AEgidio
2232 1016 2531 1082 custodes
2574 1039 2728 1084 suos
2784 1041 2894 1085 Aa).
2911 1046 3027 1089 nse.

256 1079 373 1181 3⁶&
389 1082 578 1183 liniens.
612 1113 837 1198 posuit
879 1132 998 1199 per
1057 1113 1367 1180 civitates
1430 1119 1500 1180 et
1561 1116 1833 1182 castella
1891 1118 1979 1183 ad
2041 1118 2725 1205 comprehendendum
2749 1105 3029 1203 &affl

609 1216 665 1279 si
713 1236 877 1301 quos
919 1215 1304 1283 invenirent
1346 1218 1430 1284 de
1472 1218 1729 1284 familia
1770 1220 1946 1307 regis
1989 1220 2254 1308 Angliae
2300 1223 2411 1288 vel
2456 1223 2723 1289 Ricardi
2747 1207 3023 1311 fflssffire-

607 1316 733 1382 filii
775 1318 882 1383 sui
926 1319 1206 1385 comitis.
1300 1319 1392 1384 Et
1435 1319 1684 1387 factum
1731 1326 1834 1387 est
1879 1328 2030 1410 post
2075 1344 2316 1410 paucos
2361 1324 2500 1390 dies
2544 1326 2720 1412 quod
2744 1311 3011 1406 ffl¹gssm.

609 1420 741 1486 duo
806 1420 1051 1487 milites
1116 1422 1201 1487 de
1274 1422 1470 1489 domo
1530 1429 1599 1490 et
1655 1423 1913 1490 familia
1978 1425 2152 1512 regis
2211 1424 2492 1514 Angliae,
2559 1450 2721 1515 quo·
2744 1413 2951 1465 mn*

606 1544 756 1588 rum
821 1524 1095 1589 nomina
1153 1530 1312 1591 sunt
1373 1525 1529 1605 haec,
1595 1525 1929 1594 Robertus
2003 1527 2176 1593 Puer
2249 1533 2321 1594 et
2396 1529 2720 1597 Radulfus

608 1622 860 1707 Emer,
896 1627 1254 1693 transitum
1282 1626 1574 1693 facerent
1617 1648 1734 1715 per
1762 1634 2010 1695 terram
2054 1631 2314 1696 comitis
2358 1632 2442 1697 de
2472 1631 2719 1699 Sancto

605 1727 889 1815 AEgidio,
933 1729 1282 1796 redeuntes
1327 1730 1410 1796 de
1454 1730 1700 1797 Sancto
1744 1731 1794 1798 J
1794 1732 2015 1810 acobo,
2055 1754 2253 1820 quem
2295 1756 2494 1801 eausa
2536 1756 2717 1822 pere-

601 1832 994 1918 grinationis
1057 1833 1515 1911 visitaverant,
1583 1838 1654 1900 et
1717 1835 2111 1902 transissent
2184 1858 2304 1924 per
2365 1837 2718 1917 Tolosamg

602 1934 1049 2020 exploratores
1091 1936 1352 2001 comitis
1394 1935 1764 2021 injecerunt
1815 1956 2051 2004 manus
2094 1938 2169 2004 in
2212 1960 2323 2006 eos
2367 1943 2439 2005 et
2482 1945 2712 2006 tenue-

599 2041 776 2117 runt,
825 2042 895 2103 et
936 2038 1198 2103 vinctos
1242 2038 1580 2104 duxerunt
1621 2040 1707 2105 ed
1751 2039 1960 2119 illum,
2012 2045 2079 2106 et
2138 2040 2279 2127 ipse
2321 2042 2711 2108 incarcerari

599 2136 770 2206 fecit.
872 2138 1034 2206 Post
1096 2141 1384 2207 multum
1445 2162 1605 2208 vero
1669 2144 1990 2231 temporis
2064 2144 2420 2232 praedictus
2492 2166 2708 2212 comes

599 2242 820 2328 posuit
863 2264 1011 2308 cum
1057 2243 1151 2309 eis
1192 2244 1520 2310 rationem
1566 2245 1806 2324 dicens,
1862 2253 1900 2282 “
1923 2246 1998 2313 Si
2040 2268 2255 2313 comes
2300 2246 2708 2316 Pictavensis

600 2352 638 2381 “
681 2347 1075 2417 servientem
1119 2366 1341 2413 meum
1387 2366 1584 2433 quem
1628 2348 1702 2412 in
1746 2348 2032 2415 vinculis
2076 2354 2265 2416 tenet
2309 2350 2591 2416 liberum
2637 2356 2708 2418 et

599 2455 638 2483 “
679 2448 965 2515 illaeeum
1030 2450 1216 2516 abire
1275 2451 1707 2537 permitteret,
1754 2451 2209 2538 permitterem
2270 2472 2392 2541 ego
2460 2458 2529 2518 et
2587 2473 2708 2518 vos

599 2557 636 2585 “
678 2550 918 2618 liberos
981 2557 1050 2619 et
1110 2550 1350 2619 illaesos
1410 2551 1652 2617 abire.'’
1765 2551 1969 2619 Unde
2031 2553 2283 2619 factum
2345 2557 2448 2619 est
2524 2554 2702 2640 quod
2726 2576 2889 2672 Q
2903 2631 2998 2674 m-

593 2674 767 2720 unus
811 2674 896 2720 ex
938 2654 1089 2732 inis,
1134 2655 1384 2721 scilicet
1429 2654 1756 2720 Radulfus
1824 2654 2078 2735 Fraser,
2122 2655 2478 2743 permissus
2521 2656 2701 2721 exire
2724 2680 2853 2722 terea
2870 2681 2921 2723 to
2936 2692 2996 2733 κο

590 2758 676 2823 ad
739 2758 1050 2824 comitem
1117 2754 1479 2824 Ricardum
1547 2757 2009 2824 Pictavensem
2073 2763 2341 2845 propter
2383 2779 2572 2823 suam
2631 2764 2702 2823 et
2722 2731 2774 2823 ’ἐξ
2790 2731 2997 2826 ξζῖᾞῗ
3060 2730 3081 2749 ’

2722 2841 2906 2875 mmm
2922 2850 2933 2861 ·

583 2860 890 2950 praedicti
956 2861 1306 2928 servientis
1367 2862 1625 2928 comitis
1695 2861 1778 2928 de
1843 2861 2086 2928 Sancto
2131 2860 2397 2948 AEgidio
2460 2860 2699 2926 libera-
2725 2865 2934 2927 menard

583 2965 849 3032 tionem.
939 2965 1074 3032 Sed
1133 2985 1347 3032 comes
1414 2966 1734 3032 Ricardus
1801 2965 2080 3031 audiens
2147 2965 2322 3051 quod
2381 2964 2510 3051 ipsi
2553 2965 2701 3030 red·
2722 2935 2913 2979 remae..

582 3073 813 3134 euntes
857 3068 938 3133 de
984 3067 1228 3134 Sancto
1273 3068 1321 3133 J
1322 3068 1539 3148 acob0,
1573 3069 1646 3132 in
1691 3068 2219 3155 peregrinatione
2250 3068 2429 3154 capti
2458 3072 2696 3149 essent,
2763 3096 2824 3139 ro.
2840 3099 2918 3141 ιω
2932 3103 2993 3141 ιο.

580 3170 923 3256 respondit
980 3169 1100 3252 illi,
1163 3167 1342 3257 quod
1407 3189 1526 3258 per
1597 3167 1791 3235 illum
1859 3192 1981 3236 nec
2047 3191 2237 3258 prece
2300 3191 2423 3236 nec
2485 3172 2697 3256 pretio
2830 3211 2839 3222 ·

581 3272 1040 3339 liberarentur.
1133 3273 1415 3340 Dicebat
1459 3273 1637 3339 enim
1681 3273 1861 3359 quod
1905 3275 2047 3360 ipse
2076 3274 2288 3360 magis
2333 3273 2698 3340 offenderet

580 3374 800 3441 Deum
843 3381 915 3442 et
956 3377 1232 3442 beatum
1276 3376 1649 3462 apostolum
1710 3397 1905 3441 suum
1950 3375 1998 3440 J
2001 3374 2280 3440 acobum
2335 3395 2533 3461 quam
2578 3399 2693 3462 pse

577 3483 845 3557 teretur,
912 3479 970 3545 si
1031 3479 1174 3565 ipse
1242 3501 1361 3566 pro
1428 3479 1525 3544 eis
1589 3477 1881 3544 dedisset
1941 3477 2480 3563 redemptionem,
2535 3479 2694 3562 quia

576 3581 717 3647 sola
758 3581 1306 3670 peregrinationis
1348 3581 1727 3647 reverentia
1769 3578 2132 3647 sufficiebat
2160 3580 2246 3644 ad
2274 3579 2692 3645 liberandum

576 3705 706 3750 eos.
799 3683 892 3749 Et
935 3704 1086 3750 cum
1130 3683 1230 3748 illi
1276 3683 1482 3750 alium
1524 3703 1911 3771 responsum
1965 3682 2051 3748 ab
2117 3702 2195 3748 eo
2258 3680 2498 3747 habere
2556 3702 2691 3745 non
2713 3713 2939 3812 {313⁸
2954 3720 3007 3762 03

574 3788 963 3875 potuissent,
1010 3787 1319 3853 abierunt
1362 3787 1449 3853 ad
1491 3809 1713 3875 regem
1782 3785 2099 3866 Franciae,
2146 3785 2265 3870 qui
2320 3783 2408 3848 ad
2467 3787 2688 3871 partes
2711 3817 2867 3861 orden
2885 3819 2967 3863 the

573 3890 721 3956 illas
784 3896 1139 3956 accesserat
1191 3911 1311 3976 pro
1372 3912 1533 3976 pace
1599 3888 1900 3956 facienda
1959 3889 2135 3953 inter
2200 3887 2509 3952 comitem
2573 3885 2687 3950 Ri·
2711 3870 2935 3964 &2¹33ss
2951 3925 3002 3966 to

2710 3970 2879 4013 release
2898 3972 2979 4017 the

571 3993 844 4059 cardum
873 3998 945 4059 et
983 3992 1290 4059 comitem
1334 3993 1418 4057 de
1463 3992 1706 4058 Sancto
1737 3991 2021 4079 AEgidio.
2113 3990 2205 4056 Et
2248 3992 2687 4055 narraverunt
2709 4019 2915 4073 1253th

571 4097 637 4161 ei
682 4096 902 4162 omnia
946 4117 1094 4183 quse
1137 4093 1271 4160 inis
1301 4093 1689 4174 acciderant,
1722 4099 1794 4159 et
1825 4093 2150 4180 quomodo
2196 4093 2374 4180 capti
2417 4093 2686 4158 fuerant

570 4203 644 4264 et
686 4200 930 4265 retenti
972 4201 1046 4265 in
1088 4198 1203 4264 via
1246 4197 1795 4285 peregrinationis
1839 4218 1991 4262 suae.
2087 4195 2234 4275 Quo
2277 4196 2526 4273 audito,
2564 4217 2683 4259 rex

570 4300 871 4369 Franciae
932 4302 1245 4391 praecepit
1311 4301 1626 4389 praedicto
1689 4300 1920 4368 comiti
1982 4299 2063 4364 de
2125 4298 2370 4363 Sancto
2416 4297 2683 4383 AEgidio

567 4405 904 4471 dimittere
963 4404 1336 4492 peregrinos
1381 4404 1529 4469 illos
1577 4396 1777 4482 abire,
1822 4423 1959 4467 non
2010 4405 2280 4487 propter
2323 4401 2494 4486 regis
2538 4399 2682 4462 An-

563 4507 738 4595 gline,
786 4506 895 4572 vel
941 4506 1210 4572 Ricardi
1253 4507 1514 4572 comitis
1557 4507 1681 4571 filii
1727 4505 1832 4571 sui
1876 4523 2205 4581 amorem3
2252 4501 2367 4568 sed
2412 4505 2682 4587 propter

563 4609 745 4675 beati
790 4609 1066 4695 apostoli
1110 4607 1158 4675 J
1159 4608 1345 4676 acobi
1387 4609 1827 4675 reverentiam
1871 4611 1941 4672 et
1989 4604 2424 4672 dilectionem.

658 4712 1026 4800 Respondit
1066 4717 1292 4779 autem
1333 4733 1550 4778 comes
1593 4711 1676 4777 de
1722 4709 1969 4777 Sancto
2017 4707 2297 4794 AEgidio,
2343 4705 2520 4872 qgod
2563 4723 2684 4770 nec

2282 4825 2325 4874 C
