3585 5863
309 1192 543 1297 ἓξ
308 1079 551 1177 Ξῖ

1540 890 1850 947 mmm.
2628 878 2755 943 105

653 1070 723 1132 et
795 1087 1000 1154 regna
1074 1088 1208 1133 sua.
1301 1067 1394 1133 Et
1466 1067 1597 1155 ipsi
1672 1090 1819 1134 eam
1894 1068 2157 1156 scriptis
2231 1069 2756 1135 commendatam
2814 1065 3059 1162 4:33⁰·
3110 1095 3117 1101 ·

652 1175 1061 1236 sacramento
1137 1174 1206 1235 et
1282 1170 1516 1258 sigillis
1592 1171 1728 1237 suis
1804 1171 2365 1238 confirmaverunt
2439 1172 2513 1236 in
2587 1170 2755 1236 festo
2780 1179 3043 1274 timossffl

654 1271 883 1342 Sancti
930 1271 1191 1337 Hilarii.
1304 1271 1398 1337 Et
1442 1272 1914 1361 archiepiscopi
1961 1278 2031 1338 et
2074 1273 2366 1361 episcopi
2409 1272 2756 1358 utriusque
2780 1282 3042 1331 agreement

651 1374 840 1459 regni
884 1374 957 1438 in
1003 1373 1207 1440 verbo
1267 1375 1594 1453 veritatis,
1643 1380 1712 1441 et
1772 1375 2044 1441 comites
2089 1380 2161 1441 et
2203 1376 2480 1441 barones
2523 1395 2756 1460 regno·
2777 1330 3070 1478 ἶξξὲξᾶο

653 1497 802 1540 rum
847 1475 1151 1563 praestito
1195 1481 1606 1543 sacramento
1641 1476 2042 1562 juraverunt
2103 1478 2281 1563 quod
2338 1477 2470 1564 ipsi
2529 1497 2756 1564 pacem
3071 1461 3086 1478 ⁹

654 1577 838 1642 illam
896 1578 1185 1643 fideliter
1244 1583 1553 1645 tenerent
1620 1583 1690 1645 et
1753 1583 2094 1645 servarent
2156 1579 2500 1645 illibatam.
2591 1578 2756 1643 Erat

657 1684 884 1746 autem
925 1680 1068 1747 haec
1109 1680 1320 1746 forma
1347 1680 1560 1769 pacis:
1613 1681 1807 1761 Quod
1837 1686 2116 1768 uterque
2144 1681 2408 1747 illorum
2438 1682 2756 1747 honorem

654 1782 927 1848 alterius
969 1786 1281 1862 servaret,
1329 1787 1400 1848 et
1440 1783 1642 1848 fidem
1689 1783 1748 1848 ei
1781 1787 2080 1871 portaret
2124 1782 2208 1849 de
2251 1784 2397 1848 vita
2441 1786 2511 1849 et
2550 1802 2755 1847 mem-

650 1885 788 1949 bris
831 1888 900 1949 et
946 1889 1208 1950 terreno
1252 1883 1503 1950 honore
1562 1906 1695 1950 suc.
1790 1885 1881 1949 Et
1941 1884 2121 1971 quod
2180 1889 2419 1950 neuter
2487 1882 2755 1949 illorum

650 1986 841 2051 alteri
889 1987 1196 2052 deficeret
1254 1986 1327 2051 in
1379 1986 1666 2073 negotiis
1709 1986 1887 2065 suis3
1948 1986 2066 2052 sed
2126 2007 2247 2052 rex
2292 1984 2592 2051 Franciae
2655 1985 2756 2049 ita

642 2088 914 2174 juvaret
956 2109 1177 2174 regem
1237 2087 1502 2174 Angliae
1561 2089 1648 2154 ad
1705 2093 1953 2154 terram
2014 2110 2204 2154 suam
2251 2086 2753 2165 defendendam,

651 2211 726 2254 ac
768 2191 826 2255 si
870 2189 980 2255 ille
1025 2189 1230 2256 vellet
1289 2190 1631 2256 civitatem
1677 2212 1866 2256 suam
1929 2191 2221 2257 Par-isius
2282 2191 2631 2257 defendere
2694 2190 2753 2254 si

652 2297 820 2357 esset
864 2291 1140 2358 obsessa.
1233 2293 1325 2357 Et
1368 2314 1491 2358 rex
1535 2291 1802 2378 Angliae
1837 2291 2112 2378 juvaret
2154 2293 2296 2380 regi
2328 2292 2630 2358 Franciae
2675 2313 2751 2356 ac

651 2395 707 2457 si
751 2393 955 2460 vellet
997 2395 1139 2481 ipse
1206 2394 1550 2459 civitatem
1611 2416 1802 2459 suam
1867 2393 2220 2480 Rotomagi
2281 2394 2646 2473 defendere,
2694 2393 2751 2458 si

652 2495 906 2561 obsessa
972 2499 1158 2562 esset.
1269 2495 1560 2562 Comites
1624 2500 1852 2561 autem
1928 2500 1998 2561 et
2062 2495 2343 2561 barones
2405 2496 2752 2580 utriusque

648 2597 834 2683 regni
891 2598 1305 2685 juraverunt,
1355 2598 1532 2685 quod
1595 2619 1638 2662 a
1695 2597 2024 2663 fidelitate
2088 2619 2320 2684 regum
2365 2618 2502 2662 non
2547 2597 2753 2661 disce-

650 2697 882 2764 derent
925 2721 1047 2765 nec
1091 2720 1394 2786 guerram
1441 2703 1795 2766 moverent
1840 2699 2043 2764 ullam
2089 2698 2163 2764 in
2221 2699 2419 2764 terris
2483 2698 2750 2763 illorum

651 2800 968 2885 quamdiu
1041 2801 1173 2887 ipsi
1231 2800 1486 2866 fuerint
1545 2800 1621 2865 in
1689 2801 2222 2888 peregrinatione
2289 2822 2424 2866 sua.
2514 2800 2750 2864 Archi·

650 2901 928 2989 episcopi
974 2923 1136 2968 vero
1183 2905 1253 2968 et
1298 2902 1585 2990 episcopi
1627 2902 1909 2969 firmiter
1952 2901 2402 2990 promiserunt
2442 2902 2519 2969 in
2548 2902 2751 2969 verbo

650 3004 954 3069 veritatis
1000 3004 1179 3089 quod
1224 3005 1299 3069 in
1343 3008 1859 3090 transgressores
1905 3005 2101 3090 hujus
2143 3005 2324 3091 pacis
2370 3010 2438 3071 et
2467 3026 2749 3070 conven-

651 3104 850 3170 tionis
895 3105 1296 3171 sententiam
1342 3106 2037 3171 excommunicationis
2082 3107 2332 3172 darent.
2424 3106 2753 3172 Praeterea

651 3208 949 3291 praedicti
996 3229 1186 3295 reges
1231 3211 1632 3286 statuerunt,
1665 3208 1842 3293 quod
1887 3209 1948 3273 si
1990 3210 2158 3274 alter
2187 3231 2415 3275 eorum
2444 3208 2749 3274 decessis-

651 3313 749 3372 set
778 3307 850 3371 in
895 3307 1015 3373 illa
1043 3307 1593 3396 peregrinatione,
1624 3309 1794 3374 alter
1824 3309 1941 3395 qui
1971 3311 2417 3396 supervixerit
2443 3310 2751 3397 pecunias

652 3408 943 3475 defuncti
989 3409 1265 3500 haberet
1311 3415 1380 3475 et
1440 3408 1743 3475 homines
1804 3411 1890 3474 ad
1934 3412 2280 3476 servitium
2333 3411 2462 3477 Dei
2510 3413 2751 3478 facien-

651 3511 822 3576 dum.
904 3511 998 3576 Et
1045 3511 1204 3597 quia
1248 3510 1331 3576 ad
1376 3511 1728 3598 praefixum
1759 3511 2123 3576 terminum
2170 3513 2386 3597 parati
2430 3534 2567 3578 esse
2613 3535 2747 3578 non

651 3618 972 3698 poterant,
1020 3614 1153 3679 iter
1213 3633 1407 3677 suum
1454 3613 1502 3678 J
1504 3612 2071 3679 erosolimitanum
2130 3613 2435 3699 arripere,
2479 3613 2751 3680 distule-

649 3720 808 3779 runt
852 3714 1021 3780 illud
1065 3736 1275 3800 usque
1321 3714 1408 3779 ad
1468 3713 1714 3780 festum
1760 3713 1990 3779 Sancti
2032 3714 2081 3779 J
2083 3713 2362 3780 ohannis
2406 3715 2747 3801 Baptistae,

648 3821 1020 3883 statuentes
1065 3815 1245 3902 quod
1292 3820 1454 3882 tunc
1498 3815 2010 3883 immutabiliter
2053 3821 2272 3883 essent
2315 3817 2495 3905 apud
2531 3817 2749 3882 Wize-

646 3918 812 3984 liacu
884 3970 896 3984 .

734 3942 982 4086 Eoldem
1013 4041 1207 4099 ann0,
1254 4024 1407 4107 post
1440 4019 1978 4086 Purificationem
2008 4021 2223 4088 beatae
2254 4022 2380 4086 Dei
2409 4020 2746 4108 genitricis
2772 4038 3053 4155 fflgzffi.

646 4122 893 4203 Mariae,
941 4122 1220 4189 Alienor
1278 4123 1510 4209 regina
1575 4126 1790 4188 mater
1851 4122 2025 4208 regis
2091 4122 2376 4202 Ricardi,
2423 4128 2493 4188 et
2534 4122 2745 4208 Alays
2769 4152 2862 4196 md
2878 4153 3067 4207 bianum

643 4247 826 4291 soror
870 4226 1166 4313 Philippi
1211 4226 1387 4311 regis
1449 4225 1764 4304 Franciae,
1813 4230 1883 4290 et
1932 4225 2366 4291 -Baldewinus
2383 4223 2402 4262 ¹
2454 4226 2745 4293 Cantus·
2769 4204 3028 4306 mags&

640 4327 874 4393 riensis
918 4328 1466 4415 archiepiscopus,
1515 4332 1586 4393 et
1628 4327 1677 4392 J
1679 4326 1972 4393 ohannes
2016 4325 2086 4391 N
2089 4326 2467 4394 orwicensis
2497 4328 2745 4416 episco-

641 4451 807 4515 pus3
875 4429 1078 4516 Hugo
1141 4429 1608 4495 Dunelmensis
1673 4430 2058 4516 episcopus3
2121 4428 2513 4495 Godeffidus
2557 4430 2745 4496 Win-

640 4532 961 4598 toniensis
1028 4532 1404 4618 episcopus;
1467 4531 1830 4597 Reinaldus
1890 4532 2304 4598 Batoniensis
2370 4533 2747 4620 episcopus3

1108 4775 1124 4809 ¹
1151 4776 1395 4860 ’Baldwin
1418 4776 1577 4828 sailed
1597 4775 1781 4828 March
1805 4781 1853 4828 6.
1910 4775 2151 4838 Get-vase,
2179 4782 2323 4830 1564.
