<?xml version="1.0" encoding="UTF-8"?>
<!DOCTYPE html PUBLIC "-//W3C//DTD XHTML 1.0 Transitional//EN"
    "http://www.w3.org/TR/xhtml1/DTD/xhtml1-transitional.dtd">
<html xmlns="http://www.w3.org/1999/xhtml" xml:lang="en" lang="en">
 <head>
  <title>
</title>
<meta http-equiv="Content-Type" content="text/html;charset=utf-8" />
  <meta name='ocr-system' content='tesseract 3.04.00' />
  <meta name='ocr-capabilities' content='ocr_page ocr_carea ocr_par ocr_line ocrx_word'/>
</head>
<body>
  <div class='ocr_page' id='page_1' title='image "./chroniclereigns00unkngoog_0188.png"; bbox 0 0 3585 5863; ppageno 0'>
   <div class='ocr_carea' id='block_1_1' title="bbox 868 873 2147 935">
    <p class='ocr_par' dir='ltr' id='par_1_1' title="bbox 868 873 2147 935">
     <span class='ocr_line' id='line_1_1' title="bbox 868 873 2147 935; baseline -0.008 0"><span class='ocrx_word' id='word_1_1' title='bbox 868 873 953 935; x_wconf 88' lang='grc'>16</span> <span class='ocrx_word' id='word_1_2' title='bbox 1684 878 1897 928; x_wconf 67' lang='lat' dir='ltr'>enen</span> <span class='ocrx_word' id='word_1_3' title='bbox 1942 878 2147 927; x_wconf 64' lang='grc' dir='ltr'>ποτε</span> 
     </span>
    </p>
   </div>
   <div class='ocr_carea' id='block_1_2' title="bbox 544 1063 908 1168">
    <p class='ocr_par' dir='ltr' id='par_1_2' title="bbox 544 1063 908 1168">
     <span class='ocr_line' id='line_1_2' title="bbox 563 1063 800 1112; baseline 0.017 -6"><span class='ocrx_word' id='word_1_4' title='bbox 563 1063 672 1107; x_wconf 63' lang='grc' dir='ltr'>ΔΛ).</span> <span class='ocrx_word' id='word_1_5' title='bbox 684 1066 800 1112; x_wconf 81' lang='grc'><strong>1187.</strong></span> 
     </span>
     <span class='ocr_line' id='line_1_3' title="bbox 544 1114 908 1168; baseline 0.014 -12"><span class='ocrx_word' id='word_1_6' title='bbox 544 1114 744 1159; x_wconf 78' lang='lat' dir='ltr'>October</span> <span class='ocrx_word' id='word_1_7' title='bbox 758 1120 826 1161; x_wconf 76' lang='lat'>29.</span> <span class='ocrx_word' id='word_1_8' title='bbox 869 1143 908 1168; x_wconf 71' lang='lat' dir='ltr'>ec</span> 
     </span>
    </p>
   </div>
   <div class='ocr_carea' id='block_1_3' title="bbox 525 1176 909 1337">
    <p class='ocr_par' dir='ltr' id='par_1_3' title="bbox 525 1176 909 1337">
     <span class='ocr_line' id='line_1_4' title="bbox 529 1176 857 1222; baseline 0.012 -4"><span class='ocrx_word' id='word_1_9' title='bbox 529 1176 603 1219; x_wconf 87' lang='lat' dir='ltr'>He</span> <span class='ocrx_word' id='word_1_10' title='bbox 619 1177 818 1222; x_wconf 72' lang='lat' dir='ltr'>lamenta</span> <span class='ocrx_word' id='word_1_11' title='bbox 854 1194 857 1197; x_wconf 45' lang='lat'>¹</span> 
     </span>
     <span class='ocr_line' id='line_1_5' title="bbox 525 1227 906 1272; baseline 0.013 -5"><span class='ocrx_word' id='word_1_12' title='bbox 525 1238 636 1269; x_wconf 84' lang='lat' dir='ltr'>over</span> <span class='ocrx_word' id='word_1_13' title='bbox 651 1228 733 1272; x_wconf 85' lang='lat' dir='ltr'>the</span> <span class='ocrx_word' id='word_1_14' title='bbox 750 1229 842 1272; x_wconf 77' lang='lat' dir='ltr'>loss</span> <span class='ocrx_word' id='word_1_15' title='bbox 869 1227 906 1253; x_wconf 78' lang='lat'>‘⁴</span> 
     </span>
     <span class='ocr_line' id='line_1_6' title="bbox 526 1278 909 1337; baseline 0.01 -18"><span class='ocrx_word' id='word_1_16' title='bbox 526 1278 579 1319; x_wconf 78' lang='lat' dir='ltr'>or</span> <span class='ocrx_word' id='word_1_17' title='bbox 590 1278 671 1321; x_wconf 85' lang='lat' dir='ltr'>the</span> <span class='ocrx_word' id='word_1_18' title='bbox 688 1279 809 1323; x_wconf 75' lang='lat' dir='ltr'>&#39;Pi-ue</span> <span class='ocrx_word' id='word_1_19' title='bbox 869 1311 909 1337; x_wconf 79' lang='lat' dir='ltr'><em>u</em></span> 
     </span>
    </p>
   </div>
   <div class='ocr_carea' id='block_1_4' title="bbox 526 1327 786 1430">
    <p class='ocr_par' dir='ltr' id='par_1_4' title="bbox 526 1327 786 1430">
     <span class='ocr_line' id='line_1_7' title="bbox 529 1327 775 1377; baseline 0.012 -7"><span class='ocrx_word' id='word_1_20' title='bbox 529 1327 676 1377; x_wconf 71' lang='lat' dir='ltr'>Crosa.</span> <span class='ocrx_word' id='word_1_21' title='bbox 693 1329 775 1373; x_wconf 88' lang='lat' dir='ltr'>the</span> 
     </span>
     <span class='ocr_line' id='line_1_8' title="bbox 526 1380 786 1430; baseline 0.015 -10"><span class='ocrx_word' id='word_1_22' title='bbox 526 1380 719 1430; x_wconf 74' lang='lat' dir='ltr'>capture</span> <span class='ocrx_word' id='word_1_23' title='bbox 733 1382 786 1424; x_wconf 84' lang='lat' dir='ltr'>ol’</span> 
     </span>
    </p>
   </div>
   <div class='ocr_carea' id='block_1_5' title="bbox 525 1429 908 1673">
    <p class='ocr_par' dir='ltr' id='par_1_5' title="bbox 525 1429 908 1635">
     <span class='ocr_line' id='line_1_9' title="bbox 525 1429 753 1524; baseline 0.009 -2"><span class='ocrx_word' id='word_1_24' title='bbox 525 1429 753 1524; x_wconf 49' lang='lat' dir='ltr'>sake*</span> 
     </span>
     <span class='ocr_line' id='line_1_10' title="bbox 527 1533 908 1589; baseline 0.008 -17"><span class='ocrx_word' id='word_1_25' title='bbox 527 1542 754 1575; x_wconf 76' lang='lat' dir='ltr'>massacre</span> <span class='ocrx_word' id='word_1_26' title='bbox 769 1533 823 1575; x_wconf 78' lang='lat' dir='ltr'>of</span> <span class='ocrx_word' id='word_1_27' title='bbox 870 1564 886 1589; x_wconf 68' lang='lat'>,</span> <span class='ocrx_word' id='word_1_28' title='bbox 895 1566 908 1589; x_wconf 66' lang='lat'>,</span> 
     </span>
     <span class='ocr_line' id='line_1_11' title="bbox 528 1580 832 1635; baseline 0.007 -13"><span class='ocrx_word' id='word_1_29' title='bbox 528 1580 611 1623; x_wconf 86' lang='lat' dir='ltr'>the</span> <span class='ocrx_word' id='word_1_30' title='bbox 626 1581 832 1635; x_wconf 77' lang='lat' dir='ltr'>knights.</span> 
     </span>
    </p>

    <p class='ocr_par' dir='ltr' id='par_1_6' title="bbox 868 1648 884 1673">
     <span class='ocr_line' id='line_1_12' title="bbox 868 1648 884 1673; baseline 0 0"><span class='ocrx_word' id='word_1_31' title='bbox 868 1648 884 1673; x_wconf 73' lang='lat'>6</span> 
     </span>
    </p>
   </div>
   <div class='ocr_carea' id='block_1_6' title="bbox 869 1046 2969 1123">
    <p class='ocr_par' dir='ltr' id='par_1_7' title="bbox 869 1046 2969 1123">
     <span class='ocr_line' id='line_1_13' title="bbox 869 1046 2969 1123; baseline -0.005 -11"><span class='ocrx_word' id='word_1_32' title='bbox 869 1058 908 1084; x_wconf 91' lang='lat'><strong>“</strong></span> <span class='ocrx_word' id='word_1_33' title='bbox 947 1057 1010 1111; x_wconf 91' lang='lat' dir='ltr'>in</span> <span class='ocrx_word' id='word_1_34' title='bbox 1044 1062 1205 1111; x_wconf 85' lang='lat' dir='ltr'>terra</span> <span class='ocrx_word' id='word_1_35' title='bbox 1241 1071 1312 1108; x_wconf 85' lang='lat' dir='ltr'>ex</span> <span class='ocrx_word' id='word_1_36' title='bbox 1347 1051 1732 1123; x_wconf 74' lang='lat' dir='ltr'>suggestione</span> <span class='ocrx_word' id='word_1_37' title='bbox 1767 1049 1988 1105; x_wconf 84' lang='lat' dir='ltr'>diaboli</span> <span class='ocrx_word' id='word_1_38' title='bbox 2026 1048 2182 1104; x_wconf 86' lang='lat' dir='ltr'>sacta</span> <span class='ocrx_word' id='word_1_39' title='bbox 2215 1056 2324 1110; x_wconf 87' lang='lat' dir='ltr'>cst,</span> <span class='ocrx_word' id='word_1_40' title='bbox 2366 1047 2618 1104; x_wconf 88' lang='lat' dir='ltr'>accessit</span> <span class='ocrx_word' id='word_1_41' title='bbox 2655 1046 2969 1103; x_wconf 84' lang='lat' dir='ltr'>Saladinus</span> 
     </span>
    </p>
   </div>
   <div class='ocr_carea' id='block_1_7' title="bbox 944 1130 2972 1375">
    <p class='ocr_par' dir='ltr' id='par_1_8' title="bbox 944 1130 2972 1375">
     <span class='ocr_line' id='line_1_14' title="bbox 945 1130 2968 1204; baseline -0.005 -8"><span class='ocrx_word' id='word_1_42' title='bbox 945 1159 1082 1197; x_wconf 90' lang='lat' dir='ltr'>cum</span> <span class='ocrx_word' id='word_1_43' title='bbox 1116 1136 1494 1194; x_wconf 87' lang='lat' dir='ltr'>multitudine</span> <span class='ocrx_word' id='word_1_44' title='bbox 1547 1141 1909 1190; x_wconf 87' lang='lat' dir='ltr'>armatorum</span> <span class='ocrx_word' id='word_1_45' title='bbox 1961 1132 2037 1189; x_wconf 88' lang='lat' dir='ltr'>ad</span> <span class='ocrx_word' id='word_1_46' title='bbox 2081 1135 2279 1204; x_wconf 84' lang='lat' dir='ltr'>partes</span> <span class='ocrx_word' id='word_1_47' title='bbox 2316 1130 2470 1188; x_wconf 87' lang='lat' dir='ltr'>illas.</span> <span class='ocrx_word' id='word_1_48' title='bbox 2546 1131 2626 1186; x_wconf 83' lang='lat' dir='ltr'>Et</span> <span class='ocrx_word' id='word_1_49' title='bbox 2661 1147 2968 1186; x_wconf 87' lang='lat' dir='ltr'>occurren-</span> 
     </span>
     <span class='ocr_line' id='line_1_15' title="bbox 944 1214 2972 1295; baseline -0.006 -15"><span class='ocrx_word' id='word_1_50' title='bbox 944 1226 1106 1281; x_wconf 86' lang='lat' dir='ltr'>tibus</span> <span class='ocrx_word' id='word_1_51' title='bbox 1140 1239 1286 1295; x_wconf 90' lang='lat' dir='ltr'>rege</span> <span class='ocrx_word' id='word_1_52' title='bbox 1321 1226 1384 1277; x_wconf 88' lang='lat' dir='ltr'>et</span> <span class='ocrx_word' id='word_1_53' title='bbox 1418 1219 1728 1292; x_wconf 88' lang='lat' dir='ltr'>episcopis,</span> <span class='ocrx_word' id='word_1_54' title='bbox 1767 1217 2123 1289; x_wconf 82' lang='lat' dir='ltr'>Templariis</span> <span class='ocrx_word' id='word_1_55' title='bbox 2159 1220 2221 1271; x_wconf 89' lang='lat' dir='ltr'>et</span> <span class='ocrx_word' id='word_1_56' title='bbox 2254 1214 2702 1286; x_wconf 86' lang='lat' dir='ltr'>Hospitalariis,</span> <span class='ocrx_word' id='word_1_57' title='bbox 2740 1214 2972 1270; x_wconf 84' lang='lat' dir='ltr'>baroni-</span> 
     </span>
     <span class='ocr_line' id='line_1_16' title="bbox 946 1299 2970 1375; baseline -0.006 -10"><span class='ocrx_word' id='word_1_58' title='bbox 946 1310 1057 1365; x_wconf 87' lang='lat' dir='ltr'>bus</span> <span class='ocrx_word' id='word_1_59' title='bbox 1093 1313 1153 1364; x_wconf 89' lang='lat' dir='ltr'>et</span> <span class='ocrx_word' id='word_1_60' title='bbox 1186 1306 1476 1362; x_wconf 89' lang='lat' dir='ltr'>militibus</span> <span class='ocrx_word' id='word_1_61' title='bbox 1508 1321 1650 1360; x_wconf 87' lang='lat' dir='ltr'>cum</span> <span class='ocrx_word' id='word_1_62' title='bbox 1683 1302 1904 1375; x_wconf 89' lang='lat' dir='ltr'>populo</span> <span class='ocrx_word' id='word_1_63' title='bbox 1948 1308 2146 1367; x_wconf 81' lang='lat' dir='ltr'>terroe,</span> <span class='ocrx_word' id='word_1_64' title='bbox 2186 1305 2247 1356; x_wconf 91' lang='lat' dir='ltr'>et</span> <span class='ocrx_word' id='word_1_65' title='bbox 2282 1317 2456 1355; x_wconf 87' lang='lat' dir='ltr'>cruce</span> <span class='ocrx_word' id='word_1_66' title='bbox 2493 1299 2824 1365; x_wconf 88' lang='lat' dir='ltr'>Dominica,</span> <span class='ocrx_word' id='word_1_67' title='bbox 2862 1317 2970 1372; x_wconf 85' lang='lat' dir='ltr'>per</span> 
     </span>
    </p>
   </div>
   <div class='ocr_carea' id='block_1_8' title="bbox 869 1383 2972 1550">
    <p class='ocr_par' dir='ltr' id='par_1_9' title="bbox 869 1383 2972 1550">
     <span class='ocr_line' id='line_1_17' title="bbox 870 1383 2972 1467; baseline -0.001 -18"><span class='ocrx_word' id='word_1_68' title='bbox 870 1398 907 1422; x_wconf 91' lang='lat'>“</span> <span class='ocrx_word' id='word_1_69' title='bbox 948 1410 1125 1467; x_wconf 89' lang='lat' dir='ltr'>quam</span> <span class='ocrx_word' id='word_1_70' title='bbox 1159 1410 1232 1448; x_wconf 82' lang='lat' dir='ltr'>ex</span> <span class='ocrx_word' id='word_1_71' title='bbox 1265 1389 1550 1446; x_wconf 89' lang='lat' dir='ltr'>memoria</span> <span class='ocrx_word' id='word_1_72' title='bbox 1584 1394 1645 1444; x_wconf 91' lang='lat' dir='ltr'>et</span> <span class='ocrx_word' id='word_1_73' title='bbox 1678 1388 1795 1444; x_wconf 89' lang='lat' dir='ltr'>fide</span> <span class='ocrx_word' id='word_1_74' title='bbox 1830 1385 2132 1443; x_wconf 76' lang='lat' dir='ltr'>Passionis</span> <span class='ocrx_word' id='word_1_75' title='bbox 2171 1383 2416 1450; x_wconf 75' lang='lat' dir='ltr'>Christi,</span> <span class='ocrx_word' id='word_1_76' title='bbox 2445 1383 2559 1454; x_wconf 79' lang='lat' dir='ltr'>Qui</span> <span class='ocrx_word' id='word_1_77' title='bbox 2594 1384 2877 1456; x_wconf 73' lang='lat' dir='ltr'>pependit·</span> <span class='ocrx_word' id='word_1_78' title='bbox 2910 1391 2972 1440; x_wconf 70' lang='lat' dir='ltr'>et</span> 
     </span>
     <span class='ocr_line' id='line_1_18' title="bbox 869 1468 2965 1550; baseline -0.005 -17"><span class='ocrx_word' id='word_1_79' title='bbox 869 1481 910 1506; x_wconf 86' lang='lat'><strong>“</strong></span> <span class='ocrx_word' id='word_1_80' title='bbox 947 1496 1135 1550; x_wconf 87' lang='lat' dir='ltr'>genus</span> <span class='ocrx_word' id='word_1_81' title='bbox 1170 1477 1493 1532; x_wconf 87' lang='lat' dir='ltr'>humanum</span> <span class='ocrx_word' id='word_1_82' title='bbox 1515 1472 1770 1528; x_wconf 88' lang='lat' dir='ltr'>redemit</span> <span class='ocrx_word' id='word_1_83' title='bbox 1803 1470 1867 1526; x_wconf 90' lang='lat' dir='ltr'>in</span> <span class='ocrx_word' id='word_1_84' title='bbox 1888 1488 1977 1537; x_wconf 90' lang='lat' dir='ltr'>ea,</span> <span class='ocrx_word' id='word_1_85' title='bbox 2004 1475 2235 1525; x_wconf 88' lang='lat' dir='ltr'>certum</span> <span class='ocrx_word' id='word_1_86' title='bbox 2271 1468 2496 1523; x_wconf 84' lang='lat' dir='ltr'>solebat</span> <span class='ocrx_word' id='word_1_87' title='bbox 2529 1484 2662 1524; x_wconf 88' lang='lat' dir='ltr'>esse</span> <span class='ocrx_word' id='word_1_88' title='bbox 2683 1472 2965 1534; x_wconf 80' lang='lat' dir='ltr'>tutamen,</span> 
     </span>
    </p>
   </div>
   <div class='ocr_carea' id='block_1_9' title="bbox 947 1550 2970 1631">
    <p class='ocr_par' dir='ltr' id='par_1_10' title="bbox 947 1550 2970 1631">
     <span class='ocr_line' id='line_1_19' title="bbox 947 1550 2970 1631; baseline -0.006 -12"><span class='ocrx_word' id='word_1_89' title='bbox 947 1568 1009 1618; x_wconf 86' lang='lat' dir='ltr'>et</span> <span class='ocrx_word' id='word_1_90' title='bbox 1041 1565 1244 1618; x_wconf 88' lang='lat' dir='ltr'>contra</span> <span class='ocrx_word' id='word_1_91' title='bbox 1276 1574 1641 1631; x_wconf 84' lang='lat' dir='ltr'>paganorum</span> <span class='ocrx_word' id='word_1_92' title='bbox 1677 1557 1954 1611; x_wconf 88' lang='lat' dir='ltr'>incursus</span> <span class='ocrx_word' id='word_1_93' title='bbox 1990 1552 2327 1608; x_wconf 87' lang='lat' dir='ltr'>desiderata</span> <span class='ocrx_word' id='word_1_94' title='bbox 2360 1550 2646 1616; x_wconf 85' lang='lat' dir='ltr'>defensio,</span> <span class='ocrx_word' id='word_1_95' title='bbox 2686 1551 2845 1609; x_wconf 84' lang='lat' dir='ltr'>facta</span> <span class='ocrx_word' id='word_1_96' title='bbox 2878 1559 2970 1608; x_wconf 90' lang='lat' dir='ltr'>est</span> 
     </span>
    </p>
   </div>
   <div class='ocr_carea' id='block_1_10' title="bbox 893 1639 2969 1717">
    <p class='ocr_par' dir='ltr' id='par_1_11' title="bbox 893 1639 2969 1717">
     <span class='ocr_line' id='line_1_20' title="bbox 893 1639 2969 1717; baseline -0.005 -15"><span class='ocrx_word' id='word_1_97' title='bbox 893 1648 907 1673; x_wconf 92' lang='lat'>‘</span> <span class='ocrx_word' id='word_1_98' title='bbox 945 1642 1284 1717; x_wconf 81' lang='lat' dir='ltr'>congressio</span> <span class='ocrx_word' id='word_1_99' title='bbox 1325 1641 1481 1696; x_wconf 90' lang='lat' dir='ltr'>inter</span> <span class='ocrx_word' id='word_1_100' title='bbox 1532 1657 1653 1695; x_wconf 88' lang='lat' dir='ltr'>eos.</span> <span class='ocrx_word' id='word_1_101' title='bbox 1728 1639 1810 1694; x_wconf 80' lang='lat' dir='ltr'>Et</span> <span class='ocrx_word' id='word_1_102' title='bbox 1860 1641 2137 1710; x_wconf 88' lang='lat' dir='ltr'>superata</span> <span class='ocrx_word' id='word_1_103' title='bbox 2187 1641 2356 1708; x_wconf 83' lang='lat' dir='ltr'>parte</span> <span class='ocrx_word' id='word_1_104' title='bbox 2401 1641 2757 1701; x_wconf 87' lang='lat' dir='ltr'>nostrorum,</span> <span class='ocrx_word' id='word_1_105' title='bbox 2797 1643 2969 1708; x_wconf 85' lang='lat' dir='ltr'>capta</span> 
     </span>
    </p>
   </div>
   <div class='ocr_carea' id='block_1_11' title="bbox 863 1720 3221 3564">
    <p class='ocr_par' dir='ltr' id='par_1_12' title="bbox 863 1720 3221 3564">
     <span class='ocr_line' id='line_1_21' title="bbox 868 1720 2968 1793; baseline -0.005 -7"><span class='ocrx_word' id='word_1_106' title='bbox 868 1732 906 1757; x_wconf 90' lang='lat'><strong>“</strong></span> <span class='ocrx_word' id='word_1_107' title='bbox 946 1736 1038 1785; x_wconf 88' lang='lat' dir='ltr'>est</span> <span class='ocrx_word' id='word_1_108' title='bbox 1089 1728 1251 1785; x_wconf 85' lang='lat' dir='ltr'>Orux</span> <span class='ocrx_word' id='word_1_109' title='bbox 1289 1724 1621 1790; x_wconf 84' lang='lat' dir='ltr'>Dominica,</span> <span class='ocrx_word' id='word_1_110' title='bbox 1659 1721 1942 1779; x_wconf 83' lang='lat' dir='ltr'>trucidati</span> <span class='ocrx_word' id='word_1_111' title='bbox 1996 1720 2278 1793; x_wconf 84' lang='lat' dir='ltr'>episcopi,</span> <span class='ocrx_word' id='word_1_112' title='bbox 2336 1724 2544 1792; x_wconf 85' lang='lat' dir='ltr'>captus</span> <span class='ocrx_word' id='word_1_113' title='bbox 2594 1724 2688 1776; x_wconf 89' lang='lat' dir='ltr'>est</span> <span class='ocrx_word' id='word_1_114' title='bbox 2738 1737 2863 1786; x_wconf 83' lang='lat' dir='ltr'>rex,</span> <span class='ocrx_word' id='word_1_115' title='bbox 2908 1726 2968 1775; x_wconf 82' lang='lat' dir='ltr'>et</span> 
     </span>
     <span class='ocr_line' id='line_1_22' title="bbox 868 1802 2969 1877; baseline -0.005 -8"><span class='ocrx_word' id='word_1_116' title='bbox 868 1815 906 1841; x_wconf 92' lang='lat'>“</span> <span class='ocrx_word' id='word_1_117' title='bbox 945 1811 1212 1869; x_wconf 82' lang='lat' dir='ltr'>universi</span> <span class='ocrx_word' id='word_1_118' title='bbox 1246 1810 1371 1865; x_wconf 85' lang='lat' dir='ltr'>fere</span> <span class='ocrx_word' id='word_1_119' title='bbox 1420 1813 1528 1863; x_wconf 83' lang='lat' dir='ltr'>aut</span> <span class='ocrx_word' id='word_1_120' title='bbox 1580 1807 1761 1864; x_wconf 87' lang='lat' dir='ltr'>occisi</span> <span class='ocrx_word' id='word_1_121' title='bbox 1811 1805 2013 1877; x_wconf 82' lang='lat' dir='ltr'>gladio</span> <span class='ocrx_word' id='word_1_122' title='bbox 2062 1809 2166 1860; x_wconf 82' lang='lat' dir='ltr'>aut</span> <span class='ocrx_word' id='word_1_123' title='bbox 2199 1803 2514 1861; x_wconf 86' lang='lat' dir='ltr'>hostilibus</span> <span class='ocrx_word' id='word_1_124' title='bbox 2561 1802 2835 1860; x_wconf 87' lang='lat' dir='ltr'>manibus</span> <span class='ocrx_word' id='word_1_125' title='bbox 2870 1804 2969 1860; x_wconf 92' lang='lat' dir='ltr'>de-</span> 
     </span>
     <span class='ocr_line' id='line_1_23' title="bbox 867 1887 2967 1969; baseline -0.005 -17"><span class='ocrx_word' id='word_1_126' title='bbox 867 1899 907 1924; x_wconf 87' lang='lat'><strong>“</strong></span> <span class='ocrx_word' id='word_1_127' title='bbox 945 1895 1241 1969; x_wconf 80' lang='lat' dir='ltr'>prehensi,</span> <span class='ocrx_word' id='word_1_128' title='bbox 1294 1895 1381 1951; x_wconf 88' lang='lat' dir='ltr'>ita</span> <span class='ocrx_word' id='word_1_129' title='bbox 1443 1903 1512 1956; x_wconf 83' lang='lat' dir='ltr'>ut</span> <span class='ocrx_word' id='word_1_130' title='bbox 1564 1890 1912 1964; x_wconf 82' lang='lat' dir='ltr'>paucissimi</span> <span class='ocrx_word' id='word_1_131' title='bbox 1964 1906 2074 1962; x_wconf 91' lang='lat' dir='ltr'>per</span> <span class='ocrx_word' id='word_1_132' title='bbox 2122 1888 2328 1960; x_wconf 84' lang='lat' dir='ltr'>fugam</span> <span class='ocrx_word' id='word_1_133' title='bbox 2389 1887 2577 1960; x_wconf 83' lang='lat' dir='ltr'>elapsi</span> <span class='ocrx_word' id='word_1_134' title='bbox 2630 1888 2791 1954; x_wconf 70' lang='lat' dir='ltr'>sint-,3</span> <span class='ocrx_word' id='word_1_135' title='bbox 2852 1887 2967 1961; x_wconf 87' lang='lat' dir='ltr'>ipsi</span> 
     </span>
     <span class='ocr_line' id='line_1_24' title="bbox 867 1971 2968 2055; baseline -0.004 -19"><span class='ocrx_word' id='word_1_136' title='bbox 867 1984 905 2009; x_wconf 93' lang='lat'><strong>“</strong></span> <span class='ocrx_word' id='word_1_137' title='bbox 947 1997 1179 2052; x_wconf 86' lang='lat' dir='ltr'>quoque</span> <span class='ocrx_word' id='word_1_138' title='bbox 1226 1980 1549 2055; x_wconf 77' lang='lat' dir='ltr'>Templarii</span> <span class='ocrx_word' id='word_1_139' title='bbox 1599 1983 1659 2032; x_wconf 91' lang='lat' dir='ltr'>et</span> <span class='ocrx_word' id='word_1_140' title='bbox 1707 1974 2120 2046; x_wconf 83' lang='lat' dir='ltr'>Hospitalares</span> <span class='ocrx_word' id='word_1_141' title='bbox 2173 1972 2235 2028; x_wconf 90' lang='lat' dir='ltr'>in</span> <span class='ocrx_word' id='word_1_142' title='bbox 2286 1971 2416 2044; x_wconf 86' lang='lat' dir='ltr'>ejus</span> <span class='ocrx_word' id='word_1_143' title='bbox 2470 1971 2658 2028; x_wconf 86' lang='lat' dir='ltr'>oculis</span> <span class='ocrx_word' id='word_1_144' title='bbox 2694 1972 2968 2028; x_wconf 85' lang='lat' dir='ltr'>decollati</span> 
     </span>
     <span class='ocr_line' id='line_1_25' title="bbox 868 2055 2968 2138; baseline -0.003 -18"><span class='ocrx_word' id='word_1_145' title='bbox 868 2068 906 2092; x_wconf 91' lang='lat'><strong>“</strong></span> <span class='ocrx_word' id='word_1_146' title='bbox 946 2069 1102 2120; x_wconf 86' lang='lat' dir='ltr'>sunt.</span> <span class='ocrx_word' id='word_1_147' title='bbox 1163 2063 1452 2138; x_wconf 79' lang='lat' dir='ltr'>Superato</span> <span class='ocrx_word' id='word_1_148' title='bbox 1487 2055 1689 2134; x_wconf 84' lang='lat' dir='ltr'>itaque</span> <span class='ocrx_word' id='word_1_149' title='bbox 1726 2058 2009 2124; x_wconf 83' lang='lat' dir='ltr'>exercitu,</span> <span class='ocrx_word' id='word_1_150' title='bbox 2050 2056 2305 2130; x_wconf 75' lang='lat' dir='ltr'>qualiter</span> <span class='ocrx_word' id='word_1_151' title='bbox 2344 2057 2772 2128; x_wconf 78' lang='lat' dir='ltr'>subsequenter</span> <span class='ocrx_word' id='word_1_152' title='bbox 2807 2055 2968 2113; x_wconf 83' lang='lat' dir='ltr'>inva-</span> 
     </span>
     <span class='ocr_line' id='line_1_26' title="bbox 867 2140 2971 2222; baseline -0.003 -18"><span class='ocrx_word' id='word_1_153' title='bbox 867 2152 906 2176; x_wconf 91' lang='lat'><strong>“</strong></span> <span class='ocrx_word' id='word_1_154' title='bbox 947 2150 1132 2205; x_wconf 90' lang='lat' dir='ltr'>serint</span> <span class='ocrx_word' id='word_1_155' title='bbox 1186 2155 1248 2205; x_wconf 90' lang='lat' dir='ltr'>et</span> <span class='ocrx_word' id='word_1_156' title='bbox 1295 2149 1604 2222; x_wconf 88' lang='lat' dir='ltr'>rapuerint</span> <span class='ocrx_word' id='word_1_157' title='bbox 1651 2144 1950 2208; x_wconf 82' lang='lat' dir='ltr'>universa,</span> <span class='ocrx_word' id='word_1_158' title='bbox 2006 2141 2093 2197; x_wconf 87' lang='lat' dir='ltr'>ita</span> <span class='ocrx_word' id='word_1_159' title='bbox 2141 2146 2211 2196; x_wconf 88' lang='lat' dir='ltr'>ut</span> <span class='ocrx_word' id='word_1_160' title='bbox 2261 2158 2378 2196; x_wconf 91' lang='lat' dir='ltr'>non</span> <span class='ocrx_word' id='word_1_161' title='bbox 2430 2141 2550 2196; x_wconf 89' lang='lat' dir='ltr'>nisi</span> <span class='ocrx_word' id='word_1_162' title='bbox 2601 2158 2793 2212; x_wconf 87' lang='lat' dir='ltr'>pauca</span> <span class='ocrx_word' id='word_1_163' title='bbox 2840 2140 2971 2198; x_wconf 90' lang='lat' dir='ltr'>loca</span> 
     </span>
     <span class='ocr_line' id='line_1_27' title="bbox 867 2224 2968 2300; baseline -0.003 -12"><span class='ocrx_word' id='word_1_164' title='bbox 867 2234 907 2260; x_wconf 86' lang='lat'><strong><em>“</em></strong></span> <span class='ocrx_word' id='word_1_165' title='bbox 944 2232 1298 2289; x_wconf 78' lang='lat' dir='ltr'>remansisse</span> <span class='ocrx_word' id='word_1_166' title='bbox 1351 2233 1642 2295; x_wconf 84' lang='lat' dir='ltr'>dicantur,</span> <span class='ocrx_word' id='word_1_167' title='bbox 1683 2246 1817 2300; x_wconf 76' lang='lat' dir='ltr'>quse</span> <span class='ocrx_word' id='word_1_168' title='bbox 1865 2244 1982 2282; x_wconf 89' lang='lat' dir='ltr'>non</span> <span class='ocrx_word' id='word_1_169' title='bbox 2030 2226 2095 2280; x_wconf 90' lang='lat' dir='ltr'>in</span> <span class='ocrx_word' id='word_1_170' title='bbox 2141 2242 2345 2280; x_wconf 90' lang='lat' dir='ltr'>eorum</span> <span class='ocrx_word' id='word_1_171' title='bbox 2380 2224 2729 2282; x_wconf 82' lang='lat' dir='ltr'>devenerint</span> <span class='ocrx_word' id='word_1_172' title='bbox 2778 2230 2968 2298; x_wconf 85' lang='lat' dir='ltr'>potes-</span> 
     </span>
     <span class='ocr_line' id='line_1_28' title="bbox 867 2307 2965 2382; baseline -0.004 -9"><span class='ocrx_word' id='word_1_173' title='bbox 867 2320 906 2345; x_wconf 89' lang='lat'><strong>“</strong></span> <span class='ocrx_word' id='word_1_174' title='bbox 944 2323 1146 2382; x_wconf 87' lang='lat' dir='ltr'>tatem,</span> <span class='ocrx_word' id='word_1_175' title='bbox 1210 2334 1328 2372; x_wconf 90' lang='lat' dir='ltr'>non</span> <span class='ocrx_word' id='word_1_176' title='bbox 1387 2316 1685 2376; x_wconf 81' lang='lat' dir='ltr'>credimus</span> <span class='ocrx_word' id='word_1_177' title='bbox 1745 2310 1963 2367; x_wconf 85' lang='lat' dir='ltr'>litteris</span> <span class='ocrx_word' id='word_1_178' title='bbox 2023 2308 2243 2365; x_wconf 82' lang='lat' dir='ltr'>nostris</span> <span class='ocrx_word' id='word_1_179' title='bbox 2316 2307 2746 2380; x_wconf 84' lang='lat' dir='ltr'>explicandum.</span> <span class='ocrx_word' id='word_1_180' title='bbox 2839 2310 2965 2366; x_wconf 82' lang='lat' dir='ltr'>Nos</span> 
     </span>
     <span class='ocr_line' id='line_1_29' title="bbox 868 2391 3221 2471; baseline 0.001 -16"><span class='ocrx_word' id='word_1_181' title='bbox 868 2402 907 2427; x_wconf 87' lang='lat'><strong>“</strong></span> <span class='ocrx_word' id='word_1_182' title='bbox 946 2406 1163 2466; x_wconf 88' lang='lat' dir='ltr'>autem,</span> <span class='ocrx_word' id='word_1_183' title='bbox 1190 2400 1334 2457; x_wconf 78' lang='lat' dir='ltr'>licet</span> <span class='ocrx_word' id='word_1_184' title='bbox 1369 2419 1505 2456; x_wconf 88' lang='lat' dir='ltr'>cum</span> <span class='ocrx_word' id='word_1_185' title='bbox 1529 2398 1819 2471; x_wconf 89' lang='lat' dir='ltr'>propheta</span> <span class='ocrx_word' id='word_1_186' title='bbox 1842 2394 2041 2449; x_wconf 86' lang='lat' dir='ltr'>dicere</span> <span class='ocrx_word' id='word_1_187' title='bbox 2076 2393 2414 2458; x_wconf 86' lang='lat' dir='ltr'>habeamus,</span> <span class='ocrx_word' id='word_1_188' title='bbox 2446 2395 2462 2420; x_wconf 91' lang='lat'>‘</span> <span class='ocrx_word' id='word_1_189' title='bbox 2480 2391 2625 2462; x_wconf 74' lang='lat' dir='ltr'>Quis</span> <span class='ocrx_word' id='word_1_190' title='bbox 2661 2392 2764 2449; x_wconf 88' lang='lat' dir='ltr'>det</span> <span class='ocrx_word' id='word_1_191' title='bbox 2785 2395 2963 2467; x_wconf 89' lang='lat' dir='ltr'>capiti</span> <span class='ocrx_word' id='word_1_192' title='bbox 2987 2406 3086 2454; x_wconf 70' lang='lat' dir='ltr'>«rer.</span> <span class='ocrx_word' id='word_1_193' title='bbox 3101 2407 3159 2455; x_wconf 77' lang='lat' dir='ltr'>lx.</span> <span class='ocrx_word' id='word_1_194' title='bbox 3175 2415 3221 2458; x_wconf 79' lang='grc' dir='ltr'>ι.</span> 
     </span>
     <span class='ocr_line' id='line_1_30' title="bbox 868 2477 2965 2556; baseline -0.002 -16"><span class='ocrx_word' id='word_1_195' title='bbox 868 2486 907 2512; x_wconf 85' lang='grc'><strong>“</strong></span> <span class='ocrx_word' id='word_1_196' title='bbox 950 2488 965 2512; x_wconf 90' lang='lat'>‘</span> <span class='ocrx_word' id='word_1_197' title='bbox 990 2502 1121 2540; x_wconf 92' lang='lat' dir='ltr'>meo</span> <span class='ocrx_word' id='word_1_198' title='bbox 1157 2503 1371 2556; x_wconf 88' lang='lat' dir='ltr'>aquam</span> <span class='ocrx_word' id='word_1_199' title='bbox 1408 2490 1470 2540; x_wconf 89' lang='lat' dir='ltr'>et</span> <span class='ocrx_word' id='word_1_200' title='bbox 1509 2483 1700 2539; x_wconf 87' lang='lat' dir='ltr'>oculis</span> <span class='ocrx_word' id='word_1_201' title='bbox 1731 2479 1884 2537; x_wconf 88' lang='lat' dir='ltr'>meis</span> <span class='ocrx_word' id='word_1_202' title='bbox 1920 2479 2140 2534; x_wconf 87' lang='lat' dir='ltr'>fontem</span> <span class='ocrx_word' id='word_1_203' title='bbox 2174 2477 2592 2548; x_wconf 78' lang='lat' dir='ltr'>laerymarum,</span> <span class='ocrx_word' id='word_1_204' title='bbox 2625 2481 2686 2532; x_wconf 88' lang='lat' dir='ltr'>et</span> <span class='ocrx_word' id='word_1_205' title='bbox 2723 2478 2965 2549; x_wconf 85' lang='lat' dir='ltr'>plorabo</span> 
     </span>
     <span class='ocr_line' id='line_1_31' title="bbox 868 2561 2964 2634; baseline -0.002 -10"><span class='ocrx_word' id='word_1_206' title='bbox 868 2570 907 2595; x_wconf 91' lang='lat'><strong>“</strong></span> <span class='ocrx_word' id='word_1_207' title='bbox 950 2571 965 2595; x_wconf 90' lang='lat'><strong>‘</strong></span> <span class='ocrx_word' id='word_1_208' title='bbox 990 2575 1161 2625; x_wconf 90' lang='lat' dir='ltr'>nocte</span> <span class='ocrx_word' id='word_1_209' title='bbox 1219 2574 1281 2624; x_wconf 91' lang='lat' dir='ltr'>et</span> <span class='ocrx_word' id='word_1_210' title='bbox 1338 2567 1435 2623; x_wconf 90' lang='lat' dir='ltr'>die</span> <span class='ocrx_word' id='word_1_211' title='bbox 1494 2566 1839 2623; x_wconf 85' lang='lat' dir='ltr'>interfectos</span> <span class='ocrx_word' id='word_1_212' title='bbox 1898 2561 2105 2634; x_wconf 88' lang='lat' dir='ltr'>populi</span> <span class='ocrx_word' id='word_1_213' title='bbox 2163 2561 2326 2625; x_wconf 80' lang='lat' dir='ltr'>mei‚.’</span> <span class='ocrx_word' id='word_1_214' title='bbox 2386 2578 2504 2616; x_wconf 87' lang='lat' dir='ltr'>non</span> <span class='ocrx_word' id='word_1_215' title='bbox 2560 2568 2761 2617; x_wconf 89' lang='lat' dir='ltr'>tamen</span> <span class='ocrx_word' id='word_1_216' title='bbox 2820 2562 2964 2620; x_wconf 85' lang='lat' dir='ltr'>adeo</span> 
     </span>
     <span class='ocr_line' id='line_1_32' title="bbox 869 2643 2965 2710; baseline -0.003 -1"><span class='ocrx_word' id='word_1_217' title='bbox 869 2654 908 2679; x_wconf 77' lang='lat'>‘⁴</span> <span class='ocrx_word' id='word_1_218' title='bbox 948 2653 1144 2708; x_wconf 84' lang='lat' dir='ltr'>dicere</span> <span class='ocrx_word' id='word_1_219' title='bbox 1201 2653 1483 2708; x_wconf 87' lang='lat' dir='ltr'>debemus</span> <span class='ocrx_word' id='word_1_220' title='bbox 1543 2656 1614 2706; x_wconf 90' lang='lat' dir='ltr'>ut</span> <span class='ocrx_word' id='word_1_221' title='bbox 1670 2650 1734 2704; x_wconf 89' lang='lat' dir='ltr'>in</span> <span class='ocrx_word' id='word_1_222' title='bbox 1792 2645 2178 2703; x_wconf 80' lang='lat' dir='ltr'>diffidentiam</span> <span class='ocrx_word' id='word_1_223' title='bbox 2231 2643 2582 2710; x_wconf 84' lang='lat' dir='ltr'>incidamus,</span> <span class='ocrx_word' id='word_1_224' title='bbox 2645 2651 2709 2701; x_wconf 89' lang='lat' dir='ltr'>et</span> <span class='ocrx_word' id='word_1_225' title='bbox 2764 2647 2965 2703; x_wconf 73' lang='lat' dir='ltr'>creda·</span> 
     </span>
     <span class='ocr_line' id='line_1_33' title="bbox 869 2729 2964 2807; baseline -0.001 -16"><span class='ocrx_word' id='word_1_226' title='bbox 869 2738 908 2763; x_wconf 83' lang='lat'>‘⁶</span> <span class='ocrx_word' id='word_1_227' title='bbox 947 2754 1079 2792; x_wconf 88' lang='lat' dir='ltr'>mus</span> <span class='ocrx_word' id='word_1_228' title='bbox 1133 2736 1327 2793; x_wconf 85' lang='lat' dir='ltr'>Deum</span> <span class='ocrx_word' id='word_1_229' title='bbox 1374 2737 1462 2792; x_wconf 88' lang='lat' dir='ltr'>ita</span> <span class='ocrx_word' id='word_1_230' title='bbox 1511 2735 1729 2807; x_wconf 84' lang='lat' dir='ltr'>populo</span> <span class='ocrx_word' id='word_1_231' title='bbox 1778 2732 1900 2788; x_wconf 87' lang='lat' dir='ltr'>Suo</span> <span class='ocrx_word' id='word_1_232' title='bbox 1953 2730 2193 2796; x_wconf 88' lang='lat' dir='ltr'>iratum,</span> <span class='ocrx_word' id='word_1_233' title='bbox 2247 2735 2316 2785; x_wconf 90' lang='lat' dir='ltr'>ut</span> <span class='ocrx_word' id='word_1_234' title='bbox 2362 2729 2517 2801; x_wconf 86' lang='lat' dir='ltr'>quod</span> <span class='ocrx_word' id='word_1_235' title='bbox 2565 2732 2964 2789; x_wconf 73' lang='lat' dir='ltr'>communium</span> 
     </span>
     <span class='ocr_line' id='line_1_34' title="bbox 869 2813 2962 2889; baseline -0 -15"><span class='ocrx_word' id='word_1_236' title='bbox 869 2821 907 2847; x_wconf 82' lang='lat'>‘⁶</span> <span class='ocrx_word' id='word_1_237' title='bbox 947 2821 1197 2876; x_wconf 83' lang='lat' dir='ltr'>faciente</span> <span class='ocrx_word' id='word_1_238' title='bbox 1247 2819 1631 2877; x_wconf 84' lang='lat' dir='ltr'>multitudine</span> <span class='ocrx_word' id='word_1_239' title='bbox 1680 2821 2057 2889; x_wconf 87' lang='lat' dir='ltr'>peccatorum</span> <span class='ocrx_word' id='word_1_240' title='bbox 2109 2813 2238 2869; x_wconf 89' lang='lat' dir='ltr'>fieri</span> <span class='ocrx_word' id='word_1_241' title='bbox 2292 2813 2565 2886; x_wconf 86' lang='lat' dir='ltr'>permisit</span> <span class='ocrx_word' id='word_1_242' title='bbox 2611 2815 2817 2882; x_wconf 82' lang='lat' dir='ltr'>iratus,</span> <span class='ocrx_word' id='word_1_243' title='bbox 2856 2835 2962 2873; x_wconf 90' lang='lat' dir='ltr'>nec</span> 
     </span>
     <span class='ocr_line' id='line_1_35' title="bbox 865 2894 2964 2976; baseline -0.002 -15"><span class='ocrx_word' id='word_1_244' title='bbox 865 2907 905 2933; x_wconf 89' lang='lat'><strong>“</strong></span> <span class='ocrx_word' id='word_1_245' title='bbox 945 2905 1062 2961; x_wconf 92' lang='lat' dir='ltr'>cito</span> <span class='ocrx_word' id='word_1_246' title='bbox 1096 2922 1203 2976; x_wconf 90' lang='lat' dir='ltr'>per</span> <span class='ocrx_word' id='word_1_247' title='bbox 1236 2894 1724 2961; x_wconf 79' lang='lat' dir='ltr'>&#39;misericordiam</span> <span class='ocrx_word' id='word_1_248' title='bbox 1761 2899 2107 2974; x_wconf 85' lang='lat' dir='ltr'>poenitentia</span> <span class='ocrx_word' id='word_1_249' title='bbox 2155 2898 2421 2971; x_wconf 85' lang='lat' dir='ltr'>placatus</span> <span class='ocrx_word' id='word_1_250' title='bbox 2468 2898 2725 2964; x_wconf 80' lang='lat' dir='ltr'>alleviet,</span> <span class='ocrx_word' id='word_1_251' title='bbox 2764 2906 2826 2957; x_wconf 87' lang='lat' dir='ltr'>et</span> <span class='ocrx_word' id='word_1_252' title='bbox 2857 2919 2964 2974; x_wconf 85' lang='lat' dir='ltr'>per</span> 
     </span>
     <span class='ocr_line' id='line_1_36' title="bbox 868 2982 2961 3060; baseline -0 -17"><span class='ocrx_word' id='word_1_253' title='bbox 868 2992 906 3017; x_wconf 93' lang='lat'><strong>“</strong></span> <span class='ocrx_word' id='word_1_254' title='bbox 944 2989 1427 3060; x_wconf 78' lang='lat' dir='ltr'>lacrymationem</span> <span class='ocrx_word' id='word_1_255' title='bbox 1480 2992 1541 3043; x_wconf 88' lang='lat' dir='ltr'>et</span> <span class='ocrx_word' id='word_1_256' title='bbox 1588 2987 1792 3042; x_wconf 86' lang='lat' dir='ltr'>fletum</span> <span class='ocrx_word' id='word_1_257' title='bbox 1852 2983 2270 3040; x_wconf 83' lang='lat' dir='ltr'>exultationem</span> <span class='ocrx_word' id='word_1_258' title='bbox 2328 2982 2586 3039; x_wconf 87' lang='lat' dir='ltr'>inducat.</span> <span class='ocrx_word' id='word_1_259' title='bbox 2680 2982 2961 3058; x_wconf 81' lang='lat' dir='ltr'>Quisquis</span> 
     </span>
     <span class='ocr_line' id='line_1_37' title="bbox 868 3067 2963 3144; baseline -0.001 -16"><span class='ocrx_word' id='word_1_260' title='bbox 868 3075 907 3101; x_wconf 77' lang='lat'>‘⁶</span> <span class='ocrx_word' id='word_1_261' title='bbox 947 3090 1086 3128; x_wconf 87' lang='lat' dir='ltr'>sane</span> <span class='ocrx_word' id='word_1_262' title='bbox 1122 3073 1186 3128; x_wconf 90' lang='lat' dir='ltr'>in</span> <span class='ocrx_word' id='word_1_263' title='bbox 1220 3078 1385 3128; x_wconf 85' lang='lat' dir='ltr'>tanta</span> <span class='ocrx_word' id='word_1_264' title='bbox 1435 3070 1683 3144; x_wconf 86' lang='lat' dir='ltr'>lugendi</span> <span class='ocrx_word' id='word_1_265' title='bbox 1736 3068 2004 3132; x_wconf 90' lang='lat' dir='ltr'>materia,</span> <span class='ocrx_word' id='word_1_266' title='bbox 2045 3067 2098 3123; x_wconf 87' lang='lat' dir='ltr'>si</span> <span class='ocrx_word' id='word_1_267' title='bbox 2147 3084 2264 3122; x_wconf 89' lang='lat' dir='ltr'>non</span> <span class='ocrx_word' id='word_1_268' title='bbox 2316 3084 2579 3139; x_wconf 87' lang='lat' dir='ltr'>corpore,</span> <span class='ocrx_word' id='word_1_269' title='bbox 2618 3068 2794 3124; x_wconf 92' lang='lat' dir='ltr'>corde</span> <span class='ocrx_word' id='word_1_270' title='bbox 2847 3088 2963 3125; x_wconf 88' lang='lat' dir='ltr'>non</span> 
     </span>
     <span class='ocr_line' id='line_1_38' title="bbox 868 3150 2964 3227; baseline 0 -17"><span class='ocrx_word' id='word_1_271' title='bbox 868 3158 906 3183; x_wconf 77' lang='lat'>‘⁸</span> <span class='ocrx_word' id='word_1_272' title='bbox 945 3156 1132 3227; x_wconf 85' lang='lat' dir='ltr'>luget,</span> <span class='ocrx_word' id='word_1_273' title='bbox 1171 3173 1289 3211; x_wconf 89' lang='lat' dir='ltr'>non</span> <span class='ocrx_word' id='word_1_274' title='bbox 1328 3159 1558 3211; x_wconf 86' lang='lat' dir='ltr'>tantum</span> <span class='ocrx_word' id='word_1_275' title='bbox 1593 3153 1732 3209; x_wconf 89' lang='lat' dir='ltr'>fidei</span> <span class='ocrx_word' id='word_1_276' title='bbox 1768 3150 2141 3217; x_wconf 66' lang='lat' dir='ltr'>christianae,</span> <span class='ocrx_word' id='word_1_277' title='bbox 2184 3168 2317 3222; x_wconf 82' lang='lat' dir='ltr'>quae</span> <span class='ocrx_word' id='word_1_278' title='bbox 2369 3169 2506 3207; x_wconf 90' lang='lat' dir='ltr'>cum</span> <span class='ocrx_word' id='word_1_279' title='bbox 2558 3152 2827 3210; x_wconf 86' lang='lat' dir='ltr'>omnibus</span> <span class='ocrx_word' id='word_1_280' title='bbox 2863 3153 2964 3210; x_wconf 86' lang='lat' dir='ltr'>do-</span> 
     </span>
     <span class='ocr_line' id='line_1_39' title="bbox 866 3234 2961 3307; baseline 0 -12"><span class='ocrx_word' id='word_1_281' title='bbox 866 3242 905 3268; x_wconf 87' lang='lat'><strong>“</strong></span> <span class='ocrx_word' id='word_1_282' title='bbox 942 3240 1200 3296; x_wconf 88' lang='lat' dir='ltr'>lentibus</span> <span class='ocrx_word' id='word_1_283' title='bbox 1238 3239 1410 3295; x_wconf 91' lang='lat' dir='ltr'>docet</span> <span class='ocrx_word' id='word_1_284' title='bbox 1444 3256 1575 3294; x_wconf 92' lang='lat' dir='ltr'>esse</span> <span class='ocrx_word' id='word_1_285' title='bbox 1613 3235 1966 3302; x_wconf 87' lang='lat' dir='ltr'>dolendum;</span> <span class='ocrx_word' id='word_1_286' title='bbox 2007 3235 2114 3291; x_wconf 90' lang='lat' dir='ltr'>sed</span> <span class='ocrx_word' id='word_1_287' title='bbox 2147 3234 2339 3307; x_wconf 88' lang='lat' dir='ltr'>ipsius</span> <span class='ocrx_word' id='word_1_288' title='bbox 2375 3236 2558 3292; x_wconf 89' lang='lat' dir='ltr'>etiam</span> <span class='ocrx_word' id='word_1_289' title='bbox 2580 3235 2961 3295; x_wconf 85' lang='lat' dir='ltr'>humanitatis</span> 
     </span>
     <span class='ocr_line' id='line_1_40' title="bbox 866 3319 2961 3393; baseline 0 -14"><span class='ocrx_word' id='word_1_290' title='bbox 866 3325 905 3351; x_wconf 90' lang='lat'><strong>“</strong></span> <span class='ocrx_word' id='word_1_291' title='bbox 943 3330 1159 3380; x_wconf 82' lang='lat' dir='ltr'>nostrae</span> <span class='ocrx_word' id='word_1_292' title='bbox 1195 3323 1433 3388; x_wconf 82' lang='lat' dir='ltr'>oblitus,</span> <span class='ocrx_word' id='word_1_293' title='bbox 1461 3340 1599 3378; x_wconf 90' lang='lat' dir='ltr'>cum</span> <span class='ocrx_word' id='word_1_294' title='bbox 1633 3339 1705 3377; x_wconf 82' lang='lat' dir='ltr'>ex</span> <span class='ocrx_word' id='word_1_295' title='bbox 1739 3320 1873 3393; x_wconf 91' lang='lat' dir='ltr'>ipsa</span> <span class='ocrx_word' id='word_1_296' title='bbox 1905 3319 2157 3393; x_wconf 84' lang='lat' dir='ltr'>periculi</span> <span class='ocrx_word' id='word_1_297' title='bbox 2191 3319 2599 3391; x_wconf 79' lang='lat' dir='ltr'>magnitudine</span> <span class='ocrx_word' id='word_1_298' title='bbox 2623 3339 2693 3377; x_wconf 85' lang='lat' dir='ltr'>ac</span> <span class='ocrx_word' id='word_1_299' title='bbox 2728 3323 2961 3381; x_wconf 85' lang='lat' dir='ltr'>feritate</span> 
     </span>
     <span class='ocr_line' id='line_1_41' title="bbox 863 3402 2961 3476; baseline -0.001 -12"><span class='ocrx_word' id='word_1_300' title='bbox 863 3410 905 3435; x_wconf 76' lang='lat'>‘⁸</span> <span class='ocrx_word' id='word_1_301' title='bbox 942 3407 1267 3473; x_wconf 88' lang='lat' dir='ltr'>barbarica,</span> <span class='ocrx_word' id='word_1_302' title='bbox 1308 3406 1712 3463; x_wconf 85' lang='lat' dir='ltr'>Christianum</span> <span class='ocrx_word' id='word_1_303' title='bbox 1763 3403 2112 3476; x_wconf 84' lang='lat' dir='ltr'>sanguinem</span> <span class='ocrx_word' id='word_1_304' title='bbox 2162 3402 2417 3470; x_wconf 85' lang='lat' dir='ltr'>sitiente,</span> <span class='ocrx_word' id='word_1_305' title='bbox 2457 3421 2527 3459; x_wconf 85' lang='lat' dir='ltr'>ac</span> <span class='ocrx_word' id='word_1_306' title='bbox 2573 3410 2757 3462; x_wconf 87' lang='lat' dir='ltr'>totam</span> <span class='ocrx_word' id='word_1_307' title='bbox 2794 3426 2961 3464; x_wconf 82' lang='lat' dir='ltr'>suam</span> 
     </span>
     <span class='ocr_line' id='line_1_42' title="bbox 863 3487 3014 3564; baseline -0 -16"><span class='ocrx_word' id='word_1_308' title='bbox 863 3494 903 3520; x_wconf 81' lang='lat'>‘⁶</span> <span class='ocrx_word' id='word_1_309' title='bbox 942 3493 1006 3547; x_wconf 92' lang='lat' dir='ltr'>in</span> <span class='ocrx_word' id='word_1_310' title='bbox 1037 3493 1149 3548; x_wconf 89' lang='lat' dir='ltr'>hoc</span> <span class='ocrx_word' id='word_1_311' title='bbox 1184 3495 1510 3564; x_wconf 86' lang='lat' dir='ltr'>apponente</span> <span class='ocrx_word' id='word_1_312' title='bbox 1545 3491 1849 3556; x_wconf 81' lang='lat' dir='ltr'>virtutem,</span> <span class='ocrx_word' id='word_1_313' title='bbox 1887 3494 1958 3545; x_wconf 87' lang='lat' dir='ltr'>ut</span> <span class='ocrx_word' id='word_1_314' title='bbox 2007 3487 2319 3561; x_wconf 85' lang='lat' dir='ltr'>profanare</span> <span class='ocrx_word' id='word_1_315' title='bbox 2369 3493 2588 3556; x_wconf 84' lang='lat' dir='ltr'>sancta,</span> <span class='ocrx_word' id='word_1_316' title='bbox 2627 3495 2688 3546; x_wconf 90' lang='lat' dir='ltr'>et</span> <span class='ocrx_word' id='word_1_317' title='bbox 2719 3492 2959 3547; x_wconf 84' lang='lat' dir='ltr'>titulum</span> <span class='ocrx_word' id='word_1_318' title='bbox 3001 3537 3014 3546; x_wconf 94' lang='lat'>.</span> 
     </span>
    </p>
   </div>
   <div class='ocr_carea' id='block_1_12' title="bbox 860 3569 3309 4574">
    <p class='ocr_par' dir='ltr' id='par_1_13' title="bbox 860 3569 3309 4574">
     <span class='ocr_line' id='line_1_43' title="bbox 863 3569 2958 3645; baseline 0.001 -15"><span class='ocrx_word' id='word_1_319' title='bbox 863 3578 903 3603; x_wconf 91' lang='lat'><strong>“</strong></span> <span class='ocrx_word' id='word_1_320' title='bbox 941 3576 1056 3631; x_wconf 88' lang='lat' dir='ltr'>Dei</span> <span class='ocrx_word' id='word_1_321' title='bbox 1106 3577 1341 3632; x_wconf 83' lang='lat' dir='ltr'>valeant</span> <span class='ocrx_word' id='word_1_322' title='bbox 1376 3576 1610 3631; x_wconf 84' lang='lat' dir='ltr'>auferre</span> <span class='ocrx_word' id='word_1_323' title='bbox 1646 3574 1720 3630; x_wconf 89' lang='lat' dir='ltr'>de</span> <span class='ocrx_word' id='word_1_324' title='bbox 1754 3581 1935 3639; x_wconf 89' lang='lat' dir='ltr'>terra,</span> <span class='ocrx_word' id='word_1_325' title='bbox 1979 3572 2137 3645; x_wconf 87' lang='lat' dir='ltr'>quod</span> <span class='ocrx_word' id='word_1_326' title='bbox 2185 3589 2291 3627; x_wconf 88' lang='lat' dir='ltr'>nos</span> <span class='ocrx_word' id='word_1_327' title='bbox 2347 3578 2629 3640; x_wconf 87' lang='lat' dir='ltr'>tacemus,</span> <span class='ocrx_word' id='word_1_328' title='bbox 2669 3569 2958 3633; x_wconf 85' lang='lat' dir='ltr'>discretus</span> 
     </span>
     <span class='ocr_line' id='line_1_44' title="bbox 862 3656 2959 3732; baseline 0 -17"><span class='ocrx_word' id='word_1_329' title='bbox 862 3662 903 3688; x_wconf 64' lang='lat'>‘²</span> <span class='ocrx_word' id='word_1_330' title='bbox 941 3659 1193 3732; x_wconf 86' lang='lat' dir='ltr'>quisque</span> <span class='ocrx_word' id='word_1_331' title='bbox 1242 3659 1404 3718; x_wconf 82' lang='lat' dir='ltr'>valet</span> <span class='ocrx_word' id='word_1_332' title='bbox 1455 3660 1767 3716; x_wconf 75' lang='lat' dir='ltr'>aestimare.</span> <span class='ocrx_word' id='word_1_333' title='bbox 1861 3656 2014 3714; x_wconf 85' lang='lat' dir='ltr'>Sane</span> <span class='ocrx_word' id='word_1_334' title='bbox 2067 3673 2202 3712; x_wconf 88' lang='lat' dir='ltr'>cum</span> <span class='ocrx_word' id='word_1_335' title='bbox 2252 3657 2553 3729; x_wconf 73' lang='lat' dir='ltr'>prophetae</span> <span class='ocrx_word' id='word_1_336' title='bbox 2589 3663 2714 3714; x_wconf 89' lang='lat' dir='ltr'>toto</span> <span class='ocrx_word' id='word_1_337' title='bbox 2766 3660 2959 3716; x_wconf 86' lang='lat' dir='ltr'>studio</span> 
     </span>
     <span class='ocr_line' id='line_1_45' title="bbox 862 3740 2954 3816; baseline 0 -17"><span class='ocrx_word' id='word_1_338' title='bbox 862 3746 901 3772; x_wconf 90' lang='lat'><strong>“</strong></span> <span class='ocrx_word' id='word_1_339' title='bbox 939 3745 1105 3816; x_wconf 88' lang='lat' dir='ltr'>prius</span> <span class='ocrx_word' id='word_1_340' title='bbox 1140 3744 1575 3810; x_wconf 80' lang='lat' dir='ltr'>laboraverunt,</span> <span class='ocrx_word' id='word_1_341' title='bbox 1612 3741 1989 3815; x_wconf 87' lang='lat' dir='ltr'>postmodum</span> <span class='ocrx_word' id='word_1_342' title='bbox 2023 3740 2273 3813; x_wconf 88' lang='lat' dir='ltr'>apostoli</span> <span class='ocrx_word' id='word_1_343' title='bbox 2308 3747 2369 3798; x_wconf 91' lang='lat' dir='ltr'>et</span> <span class='ocrx_word' id='word_1_344' title='bbox 2417 3759 2698 3815; x_wconf 85' lang='lat' dir='ltr'>sequaces</span> <span class='ocrx_word' id='word_1_345' title='bbox 2734 3760 2954 3809; x_wconf 87' lang='lat' dir='ltr'>eorum,</span> 
     </span>
     <span class='ocr_line' id='line_1_46' title="bbox 861 3825 2959 3893; baseline 0 -8"><span class='ocrx_word' id='word_1_346' title='bbox 861 3831 900 3857; x_wconf 88' lang='lat'><strong>“</strong></span> <span class='ocrx_word' id='word_1_347' title='bbox 939 3835 1008 3885; x_wconf 90' lang='lat' dir='ltr'>ut</span> <span class='ocrx_word' id='word_1_348' title='bbox 1042 3829 1294 3885; x_wconf 83' lang='lat' dir='ltr'>Divinus</span> <span class='ocrx_word' id='word_1_349' title='bbox 1341 3829 1537 3887; x_wconf 86' lang='lat' dir='ltr'>cultus</span> <span class='ocrx_word' id='word_1_350' title='bbox 1588 3832 1747 3884; x_wconf 90' lang='lat' dir='ltr'>esset</span> <span class='ocrx_word' id='word_1_351' title='bbox 1780 3826 1845 3882; x_wconf 92' lang='lat' dir='ltr'>in</span> <span class='ocrx_word' id='word_1_352' title='bbox 1897 3831 2059 3882; x_wconf 90' lang='lat' dir='ltr'>terra</span> <span class='ocrx_word' id='word_1_353' title='bbox 2106 3825 2230 3893; x_wconf 89' lang='lat' dir='ltr'>illa,</span> <span class='ocrx_word' id='word_1_354' title='bbox 2271 3830 2332 3882; x_wconf 88' lang='lat' dir='ltr'>et</span> <span class='ocrx_word' id='word_1_355' title='bbox 2381 3825 2457 3881; x_wconf 86' lang='lat' dir='ltr'>ad</span> <span class='ocrx_word' id='word_1_356' title='bbox 2492 3827 2688 3883; x_wconf 89' lang='lat' dir='ltr'>omnia</span> <span class='ocrx_word' id='word_1_357' title='bbox 2721 3828 2959 3887; x_wconf 87' lang='lat' dir='ltr'>climata</span> 
     </span>
     <span class='ocr_line' id='line_1_47' title="bbox 860 3908 2955 3981; baseline 0.001 -14"><span class='ocrx_word' id='word_1_358' title='bbox 860 3916 900 3940; x_wconf 89' lang='lat'><strong>“</strong></span> <span class='ocrx_word' id='word_1_359' title='bbox 938 3912 1144 3968; x_wconf 87' lang='lat' dir='ltr'>mundi</span> <span class='ocrx_word' id='word_1_360' title='bbox 1179 3930 1249 3967; x_wconf 84' lang='lat' dir='ltr'>ex</span> <span class='ocrx_word' id='word_1_361' title='bbox 1302 3929 1375 3968; x_wconf 89' lang='lat' dir='ltr'>ea</span> <span class='ocrx_word' id='word_1_362' title='bbox 1422 3911 1739 3976; x_wconf 79' lang='lat' dir='ltr'>deflueret3</span> <span class='ocrx_word' id='word_1_363' title='bbox 1795 3909 1997 3974; x_wconf 89' lang='lat' dir='ltr'>immo,</span> <span class='ocrx_word' id='word_1_364' title='bbox 2038 3908 2195 3981; x_wconf 89' lang='lat' dir='ltr'>quod</span> <span class='ocrx_word' id='word_1_365' title='bbox 2247 3909 2567 3966; x_wconf 85' lang='lat' dir='ltr'>maximum</span> <span class='ocrx_word' id='word_1_366' title='bbox 2620 3918 2713 3968; x_wconf 86' lang='lat' dir='ltr'>est</span> <span class='ocrx_word' id='word_1_367' title='bbox 2761 3920 2823 3970; x_wconf 87' lang='lat' dir='ltr'>et</span> <span class='ocrx_word' id='word_1_368' title='bbox 2870 3915 2955 3970; x_wconf 90' lang='lat' dir='ltr'>in-</span> 
     </span>
     <span class='ocr_line' id='line_1_48' title="bbox 861 3992 2959 4066; baseline 0.002 -15"><span class='ocrx_word' id='word_1_369' title='bbox 861 4000 901 4025; x_wconf 90' lang='lat'><strong>“</strong></span> <span class='ocrx_word' id='word_1_370' title='bbox 940 3996 1191 4063; x_wconf 86' lang='lat' dir='ltr'>effabile,</span> <span class='ocrx_word' id='word_1_371' title='bbox 1237 3995 1401 4052; x_wconf 87' lang='lat' dir='ltr'>Deus</span> <span class='ocrx_word' id='word_1_372' title='bbox 1455 3994 1572 4064; x_wconf 79' lang='lat' dir='ltr'>Qui</span> <span class='ocrx_word' id='word_1_373' title='bbox 1624 3994 1817 4051; x_wconf 82' lang='lat' dir='ltr'>voluit</span> <span class='ocrx_word' id='word_1_374' title='bbox 1868 3993 2181 4060; x_wconf 90' lang='lat' dir='ltr'>incarnari,</span> <span class='ocrx_word' id='word_1_375' title='bbox 2225 4011 2332 4066; x_wconf 89' lang='lat' dir='ltr'>per</span> <span class='ocrx_word' id='word_1_376' title='bbox 2374 3992 2562 4063; x_wconf 81' lang='lat' dir='ltr'>Quem</span> <span class='ocrx_word' id='word_1_377' title='bbox 2616 3996 2774 4053; x_wconf 86' lang='lat' dir='ltr'>facta</span> <span class='ocrx_word' id='word_1_378' title='bbox 2823 4004 2959 4055; x_wconf 88' lang='lat' dir='ltr'>sunt</span> 
     </span>
     <span class='ocr_line' id='line_1_49' title="bbox 861 4078 2959 4153; baseline 0.001 -17"><span class='ocrx_word' id='word_1_379' title='bbox 861 4084 900 4110; x_wconf 78' lang='lat'>‘⁶</span> <span class='ocrx_word' id='word_1_380' title='bbox 938 4080 1233 4148; x_wconf 82' lang='lat' dir='ltr'>universa,</span> <span class='ocrx_word' id='word_1_381' title='bbox 1270 4098 1379 4152; x_wconf 90' lang='lat' dir='ltr'>per</span> <span class='ocrx_word' id='word_1_382' title='bbox 1412 4079 1770 4136; x_wconf 83' lang='lat' dir='ltr'>ineffabilem</span> <span class='ocrx_word' id='word_1_383' title='bbox 1807 4078 2176 4151; x_wconf 86' lang='lat' dir='ltr'>sapientiam,</span> <span class='ocrx_word' id='word_1_384' title='bbox 2215 4084 2278 4134; x_wconf 86' lang='lat' dir='ltr'>et</span> <span class='ocrx_word' id='word_1_385' title='bbox 2309 4078 2959 4153; x_wconf 86' lang='lat' dir='ltr'>incomprehensibilem</span> 
     </span>
     <span class='ocr_line' id='line_1_50' title="bbox 862 4161 2954 4235; baseline 0.001 -15"><span class='ocrx_word' id='word_1_386' title='bbox 862 4167 900 4193; x_wconf 83' lang='lat'>‘⁶</span> <span class='ocrx_word' id='word_1_387' title='bbox 938 4164 1405 4221; x_wconf 82' lang='lat' dir='ltr'>misericordiam</span> <span class='ocrx_word' id='word_1_388' title='bbox 1481 4162 1681 4230; x_wconf 82' lang='lat' dir='ltr'>Suam,</span> <span class='ocrx_word' id='word_1_389' title='bbox 1743 4181 1853 4235; x_wconf 89' lang='lat' dir='ltr'>per</span> <span class='ocrx_word' id='word_1_390' title='bbox 1923 4161 2329 4218; x_wconf 87' lang='lat' dir='ltr'>infirmitatem</span> <span class='ocrx_word' id='word_1_391' title='bbox 2400 4163 2615 4230; x_wconf 88' lang='lat' dir='ltr'>carnis,</span> <span class='ocrx_word' id='word_1_392' title='bbox 2679 4167 2954 4232; x_wconf 89' lang='lat' dir='ltr'>esuriem,</span> 
     </span>
     <span class='ocr_line' id='line_1_51' title="bbox 862 4245 2956 4314; baseline 0.001 -10"><span class='ocrx_word' id='word_1_393' title='bbox 862 4252 901 4277; x_wconf 91' lang='lat'><strong>“</strong></span> <span class='ocrx_word' id='word_1_394' title='bbox 939 4250 1123 4314; x_wconf 87' lang='lat' dir='ltr'>sitim,</span> <span class='ocrx_word' id='word_1_395' title='bbox 1162 4266 1399 4305; x_wconf 88' lang='lat' dir='ltr'>crucem</span> <span class='ocrx_word' id='word_1_396' title='bbox 1435 4252 1498 4304; x_wconf 90' lang='lat' dir='ltr'>et</span> <span class='ocrx_word' id='word_1_397' title='bbox 1544 4252 1797 4304; x_wconf 88' lang='lat' dir='ltr'>mortem</span> <span class='ocrx_word' id='word_1_398' title='bbox 1833 4252 1895 4302; x_wconf 92' lang='lat' dir='ltr'>et</span> <span class='ocrx_word' id='word_1_399' title='bbox 1941 4245 2454 4313; x_wconf 87' lang='lat' dir='ltr'>resurrectionem,</span> <span class='ocrx_word' id='word_1_400' title='bbox 2492 4254 2757 4305; x_wconf 87' lang='lat' dir='ltr'>nostram</span> <span class='ocrx_word' id='word_1_401' title='bbox 2804 4250 2956 4307; x_wconf 82' lang='lat' dir='ltr'>salu·</span> 
     </span>
     <span class='ocr_line' id='line_1_52' title="bbox 862 4329 3309 4406; baseline 0.003 -18"><span class='ocrx_word' id='word_1_402' title='bbox 862 4335 901 4360; x_wconf 83' lang='lat'>‘⁶</span> <span class='ocrx_word' id='word_1_403' title='bbox 940 4337 1062 4388; x_wconf 89' lang='lat' dir='ltr'>tem</span> <span class='ocrx_word' id='word_1_404' title='bbox 1095 4331 1285 4389; x_wconf 82' lang='lat' dir='ltr'>voluit</span> <span class='ocrx_word' id='word_1_405' title='bbox 1334 4332 1421 4388; x_wconf 90' lang='lat' dir='ltr'>ibi</span> <span class='ocrx_word' id='word_1_406' title='bbox 1471 4332 1736 4405; x_wconf 87' lang='lat' dir='ltr'>operari;</span> <span class='ocrx_word' id='word_1_407' title='bbox 1784 4331 1957 4403; x_wconf 82' lang='lat' dir='ltr'>juxta</span> <span class='ocrx_word' id='word_1_408' title='bbox 2010 4329 2168 4402; x_wconf 86' lang='lat' dir='ltr'>quod</span> <span class='ocrx_word' id='word_1_409' title='bbox 2216 4329 2454 4396; x_wconf 82' lang='lat' dir='ltr'>dicitur,</span> <span class='ocrx_word' id='word_1_410' title='bbox 2498 4334 2514 4359; x_wconf 89' lang='lat'>‘</span> <span class='ocrx_word' id='word_1_411' title='bbox 2532 4330 2650 4401; x_wconf 83' lang='lat' dir='ltr'>Qui</span> <span class='ocrx_word' id='word_1_412' title='bbox 2684 4340 2956 4406; x_wconf 85' lang='lat' dir='ltr'>operatus</span> <span class='ocrx_word' id='word_1_413' title='bbox 2981 4343 3059 4391; x_wconf 80' lang='grc' dir='ltr'>Ρι.</span> <span class='ocrx_word' id='word_1_414' title='bbox 3078 4345 3309 4397; x_wconf 58' lang='lat' dir='ltr'>initu.</span> 
     </span>
     <span class='ocr_line' id='line_1_53' title="bbox 862 4413 2959 4489; baseline 0.001 -18"><span class='ocrx_word' id='word_1_415' title='bbox 862 4418 901 4445; x_wconf 76' lang='lat'>‘⁴</span> <span class='ocrx_word' id='word_1_416' title='bbox 944 4419 960 4444; x_wconf 77' lang='lat'><em>⁶</em></span> <span class='ocrx_word' id='word_1_417' title='bbox 988 4419 1079 4472; x_wconf 88' lang='lat' dir='ltr'>est</span> <span class='ocrx_word' id='word_1_418' title='bbox 1130 4417 1381 4473; x_wconf 89' lang='lat' dir='ltr'>salutem</span> <span class='ocrx_word' id='word_1_419' title='bbox 1431 4417 1494 4471; x_wconf 92' lang='lat' dir='ltr'>in</span> <span class='ocrx_word' id='word_1_420' title='bbox 1541 4415 1738 4472; x_wconf 79' lang='lat' dir='ltr'>medio</span> <span class='ocrx_word' id='word_1_421' title='bbox 1787 4413 2006 4480; x_wconf 79' lang='lat' dir='ltr'>terrae‚’</span> <span class='ocrx_word' id='word_1_422' title='bbox 2055 4431 2163 4486; x_wconf 88' lang='lat' dir='ltr'>per</span> <span class='ocrx_word' id='word_1_423' title='bbox 2217 4414 2493 4487; x_wconf 84' lang='lat' dir='ltr'>Seipsum</span> <span class='ocrx_word' id='word_1_424' title='bbox 2545 4416 2826 4489; x_wconf 86' lang='lat' dir='ltr'>dignatus</span> <span class='ocrx_word' id='word_1_425' title='bbox 2879 4420 2959 4476; x_wconf 85' lang='lat' dir='ltr'>sit</span> 
     </span>
     <span class='ocr_line' id='line_1_54' title="bbox 861 4497 2958 4574; baseline 0.002 -19"><span class='ocrx_word' id='word_1_426' title='bbox 861 4503 901 4529; x_wconf 86' lang='lat'><strong>“</strong></span> <span class='ocrx_word' id='word_1_427' title='bbox 939 4499 1015 4555; x_wconf 87' lang='lat' dir='ltr'>ad</span> <span class='ocrx_word' id='word_1_428' title='bbox 1067 4501 1179 4557; x_wconf 93' lang='lat' dir='ltr'>hoc</span> <span class='ocrx_word' id='word_1_429' title='bbox 1226 4500 1533 4567; x_wconf 78' lang='lat' dir='ltr'>laborar03</span> <span class='ocrx_word' id='word_1_430' title='bbox 1593 4517 1702 4556; x_wconf 88' lang='lat' dir='ltr'>nec</span> <span class='ocrx_word' id='word_1_431' title='bbox 1749 4499 1959 4572; x_wconf 83' lang='lat' dir='ltr'>lingua</span> <span class='ocrx_word' id='word_1_432' title='bbox 2009 4497 2226 4565; x_wconf 89' lang='lat' dir='ltr'>dicere,</span> <span class='ocrx_word' id='word_1_433' title='bbox 2269 4516 2379 4555; x_wconf 88' lang='lat' dir='ltr'>nec</span> <span class='ocrx_word' id='word_1_434' title='bbox 2434 4516 2642 4557; x_wconf 87' lang='lat' dir='ltr'>sensus</span> <span class='ocrx_word' id='word_1_435' title='bbox 2695 4504 2958 4574; x_wconf 88' lang='lat' dir='ltr'>cogitare</span> 
     </span>
    </p>
   </div>
   <div class='ocr_carea' id='block_1_13' title="bbox 565 4585 792 4630">
    <p class='ocr_par' dir='ltr' id='par_1_14' title="bbox 565 4585 792 4630">
     <span class='ocr_line' id='line_1_55' title="bbox 565 4585 792 4630; baseline 0.009 -2"><span class='ocrx_word' id='word_1_436' title='bbox 565 4585 626 4629; x_wconf 78' lang='lat' dir='ltr'>fo.</span> <span class='ocrx_word' id='word_1_437' title='bbox 641 4588 720 4630; x_wconf 79' lang='lat'>124</span> <span class='ocrx_word' id='word_1_438' title='bbox 733 4592 792 4630; x_wconf 82' lang='lat'><strong>1¹⁰.</strong></span> 
     </span>
    </p>
   </div>
   <div class='ocr_carea' id='block_1_14' title="bbox 861 4582 2959 4660">
    <p class='ocr_par' dir='ltr' id='par_1_15' title="bbox 861 4582 2959 4660">
     <span class='ocr_line' id='line_1_56' title="bbox 861 4582 2959 4660; baseline 0.004 -24"><span class='ocrx_word' id='word_1_439' title='bbox 861 4586 901 4612; x_wconf 78' lang='lat'>‘⁸</span> <span class='ocrx_word' id='word_1_440' title='bbox 939 4589 1153 4656; x_wconf 88' lang='lat' dir='ltr'>potest,</span> <span class='ocrx_word' id='word_1_441' title='bbox 1212 4590 1496 4656; x_wconf 84' lang='lat' dir='ltr'>quantum</span> <span class='ocrx_word' id='word_1_442' title='bbox 1544 4583 1714 4640; x_wconf 89' lang='lat' dir='ltr'>nobis</span> <span class='ocrx_word' id='word_1_443' title='bbox 1773 4589 1838 4639; x_wconf 90' lang='lat' dir='ltr'>et</span> <span class='ocrx_word' id='word_1_444' title='bbox 1894 4582 2171 4640; x_wconf 82' lang='lat' dir='ltr'>universo</span> <span class='ocrx_word' id='word_1_445' title='bbox 2229 4582 2547 4639; x_wconf 90' lang='lat' dir='ltr'>dolendum</span> <span class='ocrx_word' id='word_1_446' title='bbox 2606 4585 2687 4642; x_wconf 88' lang='lat' dir='ltr'>sit</span> <span class='ocrx_word' id='word_1_447' title='bbox 2743 4587 2959 4660; x_wconf 84' lang='lat' dir='ltr'>populo</span> 
     </span>
    </p>
   </div>
   <div class='ocr_carea' id='block_1_15' title="bbox 861 4666 2960 4912">
    <p class='ocr_par' dir='ltr' id='par_1_16' title="bbox 861 4666 2960 4912">
     <span class='ocr_line' id='line_1_57' title="bbox 862 4666 2959 4741; baseline 0.002 -18"><span class='ocrx_word' id='word_1_448' title='bbox 862 4670 901 4697; x_wconf 90' lang='lat'><strong>“</strong></span> <span class='ocrx_word' id='word_1_449' title='bbox 938 4667 1292 4734; x_wconf 86' lang='lat' dir='ltr'>Christiano,</span> <span class='ocrx_word' id='word_1_450' title='bbox 1333 4667 1492 4740; x_wconf 89' lang='lat' dir='ltr'>quod</span> <span class='ocrx_word' id='word_1_451' title='bbox 1525 4667 1591 4723; x_wconf 93' lang='lat' dir='ltr'>id</span> <span class='ocrx_word' id='word_1_452' title='bbox 1641 4685 1800 4723; x_wconf 86' lang='lat' dir='ltr'>nunc</span> <span class='ocrx_word' id='word_1_453' title='bbox 1849 4685 2131 4740; x_wconf 88' lang='lat' dir='ltr'>perpessa</span> <span class='ocrx_word' id='word_1_454' title='bbox 2167 4666 2248 4723; x_wconf 88' lang='lat' dir='ltr'>sit</span> <span class='ocrx_word' id='word_1_455' title='bbox 2296 4673 2457 4723; x_wconf 87' lang='lat' dir='ltr'>terra</span> <span class='ocrx_word' id='word_1_456' title='bbox 2491 4668 2615 4736; x_wconf 86' lang='lat' dir='ltr'>illa,</span> <span class='ocrx_word' id='word_1_457' title='bbox 2656 4670 2813 4741; x_wconf 88' lang='lat' dir='ltr'>quod</span> <span class='ocrx_word' id='word_1_458' title='bbox 2848 4671 2959 4728; x_wconf 90' lang='lat' dir='ltr'>sub</span> 
     </span>
     <span class='ocr_line' id='line_1_58' title="bbox 861 4751 2960 4825; baseline 0.001 -17"><span class='ocrx_word' id='word_1_459' title='bbox 861 4755 904 4781; x_wconf 85' lang='lat'><strong>“</strong></span> <span class='ocrx_word' id='word_1_460' title='bbox 938 4752 1129 4808; x_wconf 83' lang='lat' dir='ltr'>veteri</span> <span class='ocrx_word' id='word_1_461' title='bbox 1176 4752 1395 4825; x_wconf 84' lang='lat' dir='ltr'>populo</span> <span class='ocrx_word' id='word_1_462' title='bbox 1443 4752 1667 4825; x_wconf 88' lang='lat' dir='ltr'>legitur</span> <span class='ocrx_word' id='word_1_463' title='bbox 1715 4751 2051 4823; x_wconf 88' lang='lat' dir='ltr'>pertulisse.</span> <span class='ocrx_word' id='word_1_464' title='bbox 2126 4751 2252 4808; x_wconf 82' lang='lat' dir='ltr'>Nos</span> <span class='ocrx_word' id='word_1_465' title='bbox 2303 4757 2500 4808; x_wconf 86' lang='lat' dir='ltr'>autem</span> <span class='ocrx_word' id='word_1_466' title='bbox 2553 4752 2796 4810; x_wconf 87' lang='lat' dir='ltr'>credere</span> <span class='ocrx_word' id='word_1_467' title='bbox 2841 4773 2960 4811; x_wconf 91' lang='lat' dir='ltr'>non</span> 
     </span>
     <span class='ocr_line' id='line_1_59' title="bbox 862 4835 2960 4912; baseline 0 -19"><span class='ocrx_word' id='word_1_468' title='bbox 862 4839 902 4866; x_wconf 74' lang='lat'>‘⁴</span> <span class='ocrx_word' id='word_1_469' title='bbox 939 4837 1222 4893; x_wconf 89' lang='lat' dir='ltr'>debemus</span> <span class='ocrx_word' id='word_1_470' title='bbox 1260 4836 1418 4909; x_wconf 91' lang='lat' dir='ltr'>quod</span> <span class='ocrx_word' id='word_1_471' title='bbox 1452 4853 1525 4893; x_wconf 82' lang='lat' dir='ltr'>ex</span> <span class='ocrx_word' id='word_1_472' title='bbox 1558 4835 1852 4908; x_wconf 82' lang='lat' dir='ltr'>injustitia</span> <span class='ocrx_word' id='word_1_473' title='bbox 1886 4836 1928 4891; x_wconf 91' lang='lat' dir='ltr'><strong>J</strong></span> <span class='ocrx_word' id='word_1_474' title='bbox 1927 4835 2119 4893; x_wconf 90' lang='lat' dir='ltr'>udicis</span> <span class='ocrx_word' id='word_1_475' title='bbox 2156 4835 2445 4906; x_wconf 80' lang='lat' dir='ltr'>ferientis,</span> <span class='ocrx_word' id='word_1_476' title='bbox 2483 4836 2589 4892; x_wconf 91' lang='lat' dir='ltr'>sed</span> <span class='ocrx_word' id='word_1_477' title='bbox 2638 4855 2710 4894; x_wconf 85' lang='lat' dir='ltr'>ex</span> <span class='ocrx_word' id='word_1_478' title='bbox 2745 4837 2960 4912; x_wconf 89' lang='lat' dir='ltr'>iniqui-</span> 
     </span>
    </p>
   </div>
   <div class='ocr_carea' id='block_1_16' title="bbox 2992 1052 3240 1154">
    <p class='ocr_par' dir='ltr' id='par_1_17' title="bbox 2992 1052 3240 1154">
     <span class='ocr_line' id='line_1_60' title="bbox 2992 1052 3240 1154; baseline -0.008 0"><span class='ocrx_word' id='word_1_479' title='bbox 2992 1052 3240 1154; x_wconf 47' lang='lat' dir='ltr'>&amp;iffi</span> 
     </span>
    </p>
   </div>
  </div>
 </body>
</html>
