3585 5863
944 871 1072 936 182
1732 883 1947 935 ossi-A
1988 882 2193 935 sums

645 1078 756 1122 Am.
774 1080 890 1123 1191.
946 1059 1297 1128 Saladinus
1339 1058 1645 1125 redderet
1688 1059 1961 1125 celerius
2005 1057 2378 1125 Jerusalem
2422 1061 2491 1123 et
2533 1059 2750 1124 totam
2792 1061 3037 1122 terram

607 1129 873 1245 1»ῂῇῗῖιὲ
946 1165 993 1231 J
995 1163 1565 1231 erosolimitanam.
1657 1161 1785 1228 Cui
1822 1183 1941 1227 rex
1971 1161 2265 1228 Franciae
2306 1160 2648 1248 respondit
2690 1182 2760 1226 se
2788 1159 3040 1224 nullum

608 1246 804 1340 ᾲᾞέιῗο
947 1272 1424 1336 sacramentum
1454 1267 1608 1333 inde
1637 1271 1967 1354 praestare.
2055 1265 2321 1331 Habuit
2349 1264 2523 1331 enim
2546 1263 2689 1351 jam
2717 1265 2793 1330 in
2820 1267 3043 1329 mente

947 1374 1020 1438 in
1063 1371 1366 1459 proximo
1410 1370 1708 1437 recedere
1767 1371 1841 1435 in
1885 1369 2222 1457 regionem
2267 1391 2469 1435 suam.

678 1503 792 1558 my
809 1507 873 1548 21,
1037 1474 1168 1541 Die
1242 1474 1553 1541 vicesima
1642 1473 1861 1561 prima
1930 1471 2174 1538 mensis
2248 1472 2296 1537 J
2298 1471 2437 1552 ulii,
2514 1468 2840 1539 Ricardus
2923 1489 3043 1536 rex
3066 1480 3271 1579 ggvgdffit·

610 1571 859 1675 fflffl'g'flss
949 1576 1212 1664 Angliae
1273 1576 1561 1643 intravit
1612 1576 1688 1642 in
1754 1575 2102 1642 civitatem
2162 1574 2371 1655 Acrae,
2440 1579 2510 1641 et
2570 1572 2911 1639 habitavit
2968 1572 3044 1636 in
3192 1564 3202 1575 ’
3258 1562 3269 1573 ’

609 1673 829 1768 ξζῗῗξῶᾶ
843 1673 924 1717 ⁸¹*
949 1680 1198 1767 palatio
1266 1680 1456 1768 regis,
1516 1678 1695 1766 quod
1755 1700 1909 1745 eum
1966 1678 2397 1766 contingebat
2471 1676 2738 1763 quando
2806 1675 3043 1742 civitas

610 1774 741 1819 Aere.
950 1783 1202 1870 partita
1244 1782 1376 1848 fuit
1418 1783 1597 1848 inter
1640 1781 1834 1848 illum
1877 1786 1948 1848 et
1990 1803 2214 1870 regem
2259 1780 2572 1848 Franciae.
2665 1777 3046 1864 Eodemque

953 1885 1059 1950 die
1127 1885 1507 1951 introduxit
1596 1884 1682 1950 ad
1765 1906 1833 1950 se
1907 1884 1982 1949 in
2055 1883 2394 1971 palatium,
2484 1902 2761 1948 uxorem
2859 1902 3044 1947 suam

949 1988 1246 2076 reginam
1314 1987 1596 2073 Angliae,
1644 1993 1714 2053 et
1759 1986 2006 2054 Siciliae
2049 1987 2346 2075 reginam
2392 2007 2679 2054 sororem
2723 2005 2930 2066 suam,
2977 1988 3045 2049 et
3152 2039 3158 2044 .

947 2092 1157 2157 filiam
1201 2090 1619 2177 imperatoris
1664 2090 1747 2156 de
1794 2089 2030 2177 Cypra.
2800 2113 2811 2122 ¹

678 2218 873 2276 Julyzs.
1035 2195 1166 2260 Die
1210 2194 1451 2260 mensis
1509 2192 1556 2258 J
1558 2192 1680 2258 ulii
1742 2192 2052 2259 vicesima
2110 2195 2411 2274 secunda,
2453 2194 2527 2259 in
2569 2193 2736 2261 festo
2781 2191 3043 2260 Sanctae
3068 2200 3272 2249 nomam,

611 2283 924 2380 ffffiffl„
952 2297 1182 2363 Mariae
1213 2295 1643 2383 Magdalenae,
1672 2317 1822 2361 cum
1850 2318 1971 2362 rex
2014 2302 2184 2369 esset
2227 2298 2301 2363 in
2344 2296 2592 2384 palatio
2621 2300 2692 2363 et
2718 2295 3047 2383 principes
3067 2252 3272 2349 m*

613 2388 858 2482 ffiffiffrd»,
949 2400 1278 2468 exercitus
1340 2398 1444 2465 sui
1513 2400 1977 2466 convenissent
2040 2421 2257 2465 coram
2331 2422 2410 2466 eo
2484 2400 2571 2466 ad
2643 2399 3046 2465 audiendum

611 2489 926 2590 ffi‘iifflfflf'g'fft
949 2509 1357 2592 praeceptum
1423 2500 1603 2589 ejus3
1678 2508 2012 2568 venerunt
2084 2502 2172 2568 ad
2247 2524 2398 2569 eum
2472 2524 2557 2568 ex
2617 2508 2807 2591 parte
2879 2501 3052 2590 regis

609 2590 794 2685 {ssffl-Zu
809 2592 862 2633 ‘⁰
951 2607 1249 2674 Franciae
1294 2606 1622 2673 Robertus
1638 2603 1665 2644 ¹
1710 2605 2126 2672 Belvacensis
2170 2606 2509 2692 episcopus
2552 2610 2622 2671 et
2667 2605 2872 2692 Hugo
2915 2605 3053 2671 dux

612 2690 763 2735 ¹²⁰¹¹¹⁰·
950 2710 1375 2798 Burgundiae,
1422 2718 1491 2776 et
1538 2709 1763 2796 Drogo
1808 2709 1891 2774 de
1935 2708 2212 2774 Amiens
2255 2715 2326 2775 et
2354 2708 2727 2774 Willelmus
2770 2708 2854 2774 de
2883 2708 3055 2772 Mer-

949 2812 1081 2895 lou,
1130 2818 1199 2879 et
1265 2834 1417 2878 cum
1480 2815 1818 2877 steterunt
1878 2832 2098 2877 coram
2165 2833 2316 2899 rege
2381 2815 2452 2877 et
2512 2811 2911 2877 salutassent
2968 2831 3053 2876 ex

959 2920 1155 3005 parte
1195 2915 1371 3003 regis
1434 2913 1750 2995 Franciae,
1813 2919 2259 3002 proruperunt
2323 2913 2397 2980 in
2459 2913 2690 2981 fletum
2732 2915 2835 2981 ita
2876 2913 3053 3002 quod

951 3040 1160 3085 unum
1205 3018 1419 3083 solum
1462 3017 1740 3084 verbum
1803 3017 2088 3104 proferre
2147 3037 2285 3083 non
2328 3024 2705 3106 potuerunt.
2796 3018 3055 3099 Quibus

951 3120 1272 3188 flentibus
1316 3120 1541 3187 caeteri
1592 3119 2130 3207 provocabantur
2189 3121 2264 3186 in
2290 3120 2550 3188 ”fletum
2593 3125 2866 3209 propter
2922 3143 3055 3188 mo·

952 3230 1100 3291 tum
1149 3223 1356 3289 animi
1401 3244 1601 3309 quem
1658 3222 1973 3288 viderant
2016 3222 2091 3287 in
2135 3222 2246 3288 eis.
2341 3223 2641 3309 Cumque
2684 3229 3057 3311 perstarent

658 3357 719 3405 10.
733 3364 809 3406 159
825 3367 889 3404 ro.
950 3328 1025 3395 in
1068 3327 1299 3394 fletum
1342 3348 1463 3391 rex
1506 3325 1772 3413 Angliae
1835 3347 2191 3392 conversus
2247 3325 2335 3391 ad
2379 3348 2489 3392 eos
2532 3327 2725 3405 dixit,
2774 3327 3058 3395 “Nolite

955 3441 988 3468 “
1034 3431 1208 3510 flere,
1257 3430 1391 3496 scio
1438 3429 1620 3516 quod
1663 3429 1947 3517 petituri
1991 3429 2168 3496 estis.
2258 3424 2585 3496 Dominus
2614 3431 2883 3516 quidem
2914 3454 3057 3498 ves-

956 3544 993 3572 “
1039 3540 1162 3616 ter,
1220 3555 1342 3600 rex
1411 3531 1726 3611 anciae,
1774 3528 2105 3599 desiderat
2166 3533 2576 3619 repatriare3
2640 3538 2713 3600 et
2775 3534 3057 3601 venistis

963 3647 1002 3674 “
1048 3659 1137 3704 ex
1201 3641 1390 3725 parte
1452 3635 1596 3723 ejus
1657 3640 1739 3701 ut
1806 3635 2051 3701 habeat
2108 3635 2268 3702 inde
2328 3636 2672 3702 consilium
2734 3658 2778 3702 a
2836 3660 2949 3704 me
2990 3642 3061 3703 et

956 3750 993 3779 “
1040 3742 1377 3807 licentiam
1421 3738 1802 3805 redeundi.’'
1891 3739 2079 3804 Tunc
2126 3738 2230 3803 illi
2273 3738 2473 3805 vultu
2517 3739 2813 3822 demism,
2863 3750 2901 3777 “
2923 3740 3060 3806 Do·

957 3851 995 3881 “
1040 3843 1275 3925 mine‚’'
1317 3843 1651 3929 inquiunt,
1683 3848 1718 3877 “
1741 3862 1863 3909 vos
1905 3842 2118 3907 nostis
2163 3842 2428 3923 omnia3
2475 3846 2547 3907 et
2573 3860 2696 3908 nos
2740 3864 2827 3908 ex
2869 3848 3061 3930 parte

958 3954 992 3984 “
1039 3946 1095 4033 ej
1106 3969 1180 4012 us
1247 3947 1334 4012 ad
1394 3967 1513 4011 vos
1570 3945 1878 4010 venimus
1928 3965 2048 4031 pro
2093 3940 2363 4010 licentia
2405 3947 2475 4011 et
2519 3945 2791 4012 consilio
2832 3950 3058 4011 vestro

961 4056 996 4085 “
1041 4055 1123 4116 ut
1183 4048 1392 4136 possit
1450 4047 1678 4113 redire.
1790 4047 1974 4112 Dicit
2033 4047 2211 4113 enim
2274 4047 2407 4113 nisi
2465 4048 2738 4114 celerius
2796 4070 2840 4114 a
2882 4053 3061 4114 terra

622 4166 868 4231 uictarum
963 4161 998 4190 “
1044 4152 1177 4218 ista
1237 4150 1593 4228 recesserit,
1659 4149 2032 4216 morietur.''
2127 4149 2384 4231 Quibus
2450 4171 2571 4217 rex
2630 4148 2930 4238 Angliae‘
2958 4171 3061 4217 re-

620 4220 793 4266 adme.
959 4255 1246 4344 spondit,
1293 4261 1332 4291 “
1355 4252 1656 4319 Dedecus
1713 4258 1816 4319 est
1861 4257 1932 4318 et
1975 4253 2399 4340 opprobrium
2442 4252 2917 4341 sempiternum
2960 4251 3061 4318 ini

960 4366 997 4396 “
1041 4362 1111 4425 et
1170 4378 1376 4445 regno
1443 4355 1758 4435 Franciae,
1829 4356 1886 4422 si
1952 4355 2333 4444 imperfecto
2399 4356 2666 4444 negotio
2731 4378 2855 4444 pro
2926 4378 3060 4443 qno

959 4469 998 4498 “
1041 4460 1231 4529 venit
1291 4459 1664 4526 recesserit:
1730 4463 1802 4525 et
1865 4480 1986 4546 per
2051 4458 2400 4525 consilium
2457 4481 2678 4526 meum
2720 4458 2881 4526 hinc
2922 4482 3059 4526 non

962 4571 995 4601 “
1042 4563 1314 4630 recedet.
1407 4561 1506 4626 At
1574 4562 1630 4626 si
1699 4566 1961 4649 oportet
2027 4583 2177 4628 eum
2237 4563 2422 4642 mori,
2468 4562 2576 4629 vel
2637 4563 2709 4628 in
2767 4563 3057 4651 patriam

1025 4772 1042 4806 ¹
1078 4774 1149 4827 So
1171 4774 1280 4825 also
1305 4772 1569 4825 Hoveden.
1635 4771 1689 4823 1t
1721 4786 1829 4823 vas
1866 4770 2043 4840 Philip
2080 4773 2144 4826 of
2171 4772 2366 4827 Dreux.
2433 4773 2677 4828 Hoveden
2698 4772 2844 4841 gives
2876 4790 2909 4828 a
2935 4789 3061 4846 very

956 4852 1096 4907 brief
1108 4861 1324 4906 account
1345 4854 1405 4905 of
1421 4851 1521 4904 this
1543 4850 1865 4905 nannetica.
