3585 5863
840 835 928 900 32
1658 839 1874 892 orsu
1919 840 2122 891 arms

540 1024 784 1069 A.D.1lss.
846 1015 886 1042 ‘⁶
926 1033 1102 1086 quam
1137 1014 1441 1079 laicorum,
1472 1019 1533 1071 et
1567 1012 1826 1084 exceptis
1864 1012 2053 1084 equis,
2082 1017 2143 1067 et
2178 1009 2378 1074 armis,
2407 1016 2469 1065 et
2502 1010 2767 1065 vestibus
2792 1009 2946 1065 mili·
2972 1003 3213 1055 Hm·

502 1075 787 1187 Offiffis
848 1100 886 1126 “
925 1103 1052 1154 tum
1089 1100 1164 1154 ad
1198 1117 1373 1154 usum
1409 1098 1634 1170 proprii
1671 1097 1935 1169 corporis
1969 1094 2420 1167 pertinentibus.
2968 1055 3207 1169 ξιξ-ἓξ

508 1196 559 1236 or
573 1196 653 1237 tho
667 1206 769 1238 eru·
919 1184 958 1209 “
985 1182 1158 1252 (III.)
1196 1183 1567 1254 Dispositum
1603 1186 1694 1237 est
1729 1182 1910 1237 etiam
1948 1179 2107 1251 quod
2142 1196 2343 1235 omnes
2380 1178 2601 1245 clerici,
2628 1177 2850 1234 milites
2887 1183 2949 1235 et
2972 1172 3089 1213 ¹⁵2²·

501 1244 625 1290 ΜΘ·
693 1288 700 1295 ·
849 1270 887 1293 “
927 1267 1252 1323 servientes
1291 1266 1395 1338 qui
1429 1266 1542 1321 hoc
1577 1266 1694 1320 iter
1735 1263 2038 1335 arripient,
2080 1263 2339 1320 decimas
2374 1271 2671 1320 terrarum
2707 1280 2948 1320 suarum

851 1351 888 1376 “
928 1356 989 1405 et
1022 1350 1327 1406 hominum
1365 1367 1608 1406 suorum
1643 1348 1916 1414 habeant,
1957 1352 2019 1403 et
2053 1365 2159 1418 pro
2198 1365 2261 1403 se
2296 1346 2448 1403 nihil
2484 1347 2724 1404 dabunt.

921 1436 960 1461 “
987 1432 1152 1502 (IV.)
1186 1435 1528 1506 Burgenses
1563 1450 1706 1489 vero
1754 1437 1817 1487 et
1849 1430 2080 1497 rustici,
2123 1432 2226 1502 qui
2275 1431 2403 1488 sine
2435 1430 2680 1505 licentia
2712 1447 2948 1488 crucem

852 1518 890 1545 “
929 1518 1280 1589 acceperint,
1317 1516 1701 1574 nihilominus
1738 1515 1997 1571 decimas
2033 1514 2272 1571 dabunt.
2589 1508 2621 1576 l

923 1603 961 1630 “
989 1601 1115 1671 (V.)
1153 1602 1524 1673 Dispositum
1573 1605 1667 1656 est
1715 1599 1895 1655 etiam
1947 1598 2105 1670 quod
2153 1598 2356 1655 nullus
2410 1598 2731 1656 enormiter
2763 1599 2947 1671 juret,

852 1686 890 1712 “
930 1690 991 1740 et
1026 1684 1185 1755 quod
1217 1685 1417 1741 nullus
1452 1684 1621 1739 ludat
1657 1682 1732 1739 ad
1767 1683 1926 1738 aleas
1961 1681 2059 1739 vel
2096 1682 2174 1738 ad
2208 1682 2425 1749 decios,
2464 1689 2525 1739 et
2561 1683 2719 1754 quod
2751 1683 2952 1739 nullus

853 1772 891 1796 “
929 1774 1065 1839 post
1112 1768 1446 1841 proximum
1497 1766 1729 1823 Pascha
1777 1770 1982 1821 utatur
2016 1764 2202 1831 verio,
2240 1765 2337 1822 vel
2392 1766 2599 1837 grisi0,
2637 1767 2736 1823 vel
2790 1767 2953 1823 sabe·

853 1856 891 1880 “
929 1853 1070 1919 lina,
1124 1853 1223 1909 vel
1278 1852 1605 1918 escarleta3
1669 1856 1730 1906 et
1779 1849 1939 1921 quod
1991 1867 2192 1905 omnes
2247 1849 2503 1905 contenti
2558 1850 2678 1906 sint
2725 1849 2952 1907 duobus

854 1938 893 1964 “
932 1937 1174 1994 ferculis
1199 1954 1271 1993 ex
1306 1942 1521 2008 empto·
1584 1934 1666 1991 Et
1701 1933 1861 2004 quod
1894 1933 2096 1988 nullus
2121 1932 2383 2005 aliquam
2417 1932 2729 1989 mulierem
2753 1950 2953 1990 secum

566 2033 627 2075 ro.
643 2035 719 2075 128
734 2038 793 2075 το.
857 2022 895 2048 “
934 2020 1112 2077 ducat
1133 2021 1197 2076 in
1230 2018 1721 2093 peregrinatione,
1749 2017 1871 2073 nisi
1907 2016 2168 2088 aliquam
2203 2017 2355 2074 forte
2388 2017 2661 2073 lotricem
2695 2018 2951 2089 peditem

858 2106 897 2131 “
935 2104 1008 2159 de
1065 2122 1182 2176 qua
1230 2103 1398 2159 nulla
1448 2101 1737 2158 habeatur
1792 2100 2070 2172 suspicio,
2157 2100 2236 2156 Et
2289 2100 2446 2172 quod
2492 2101 2695 2158 nullus
2743 2101 2957 2158 habeat

856 2189 896 2215 “
934 2205 1156 2258 pannos
1192 2187 1422 2242 decisos
1456 2185 1556 2241 vel
1589 2185 1862 2240 laceatos.
2454 2248 2463 2253 ἱ

930 2274 969 2298 “
997 2271 1158 2341 (VI.)
1196 2270 1566 2341 Dispositum
1603 2274 1696 2324 est
1745 2267 1927 2324 etiam
1982 2265 2140 2338 quod
2176 2267 2531 2340 quicumque
2566 2267 2814 2325 clericus
2861 2267 2958 2324 vel

859 2356 898 2382 “
935 2355 1123 2410 laicus
1160 2352 1429 2409 redditus
1468 2370 1606 2408 suos
1642 2356 1778 2406 ante
1835 2350 2269 2421 susceptionem
2319 2351 2512 2407 crucis
2548 2351 2954 2417 invadiaverit,

859 2440 899 2467 “
938 2438 1128 2495 exitus
1182 2437 1361 2509 hujus
1417 2435 1554 2491 anni
1603 2434 1839 2505 integre
1894 2433 2128 2500 habeat,
2174 2438 2235 2488 et
2285 2440 2582 2492 transacto
2635 2453 2785 2492 anno
2834 2453 2958 2492 cre·

859 2525 898 2550 “
937 2523 1094 2578 ditor
1130 2521 1429 2577 rehabeat.
1506 2519 1603 2575 Ita
1657 2517 1817 2589 quod
1866 2517 2095 2573 fructus
2149 2534 2296 2587 quos
2349 2517 2486 2573 inde
2532 2520 2865 2591 perceperit
2897 2519 2959 2574 in

860 2608 898 2634 “
939 2607 1229 2662 solutione
1267 2603 1452 2659 debiti
1488 2605 1920 2673 computentur,
1962 2605 2023 2655 et
2058 2599 2326 2656 debitum
2360 2607 2496 2672 post
2530 2602 2961 2675 susceptionem

861 2693 900 2718 “
938 2690 1151 2755 crucis,
1194 2685 1477 2760 quamdiu
1513 2686 1745 2742 debitor
1781 2685 1899 2740 erit
1932 2683 1997 2739 in
2030 2683 2525 2756 peregrinatione,
2564 2703 2682 2741 non
2715 2693 2939 2743 usuret.

934 2776 973 2801 ‘⁶
1001 2772 1199 2842 ΝΠ.)
1238 2772 1540 2828 Statutum
1591 2773 1683 2825 est
1737 2768 1936 2832 etiam,
1978 2765 2136 2837 quod
2191 2785 2394 2824 omnes
2444 2768 2647 2825 clerici
2696 2774 2759 2826 et
2804 2769 2960 2836 laici,

864 2859 902 2886 ‘⁸
943 2857 1047 2928 qui
1083 2856 1146 2910 in
1180 2855 1293 2910 hac
1341 2851 1818 2927 peregrinatione
1868 2848 2332 2923 proficiscentur,
2371 2857 2619 2923 possunt
2669 2853 2832 2909 licite
2879 2853 2962 2907 in-

864 2943 903 2970 “
941 2941 1182 2996 vadiare
1207 2939 1475 2995 redditus
1503 2956 1661 3005 suos,
1691 2937 1819 2993 sive
1845 2935 2280 2992 ecclesiasticos
2318 2934 2444 2992 sive
2481 2936 2649 3004 alios,
2678 2955 2713 2992 a
2735 2937 2963 2993 Pascha

865 3029 903 3054 “
943 3042 1080 3081 cum
1115 3025 1232 3079 iter
1285 3023 1648 3094 arripuerint
1680 3038 1871 3092 usque
1909 3019 1985 3075 ad
2019 3026 2144 3077 tres
2182 3038 2396 3088 annos3
2450 3021 2538 3077 ita
2587 3021 2746 3092 quod
2778 3023 2965 3078 credi-

866 3112 906 3137 “
942 3114 1104 3164 tores
1157 3105 1441 3177 quicquid
1502 3105 1575 3160 de
1636 3103 2030 3160 creditoribus
2092 3104 2414 3175 contingat,
2478 3104 2707 3162 fructus
2765 3123 2966 3163 omnes

867 3195 906 3221 “
944 3191 1289 3247 reddituum
1315 3207 1461 3260 quos
1499 3188 1561 3242 in
1583 3186 1756 3242 vadio
1790 3187 2110 3254 habebunt,
2137 3206 2174 3243 a
2206 3187 2491 3258 praedicto
2515 3188 2746 3246 Pascha
2779 3208 2967 3262 usque

866 3279 906 3305 “
945 3275 1020 3332 ad
1055 3280 1176 3330 tres
1214 3290 1396 3329 annos
1431 3272 1663 3342 integre
1699 3270 2046 3341 percipiant.

939 3362 978 3389 “
1004 3355 1236 3428 (VIII.)
1274 3355 1645 3427 Dispositum
1681 3358 1773 3410 est
1811 3354 2010 3420 etiam,
2041 3354 2199 3425 quod
2237 3354 2572 3427 quicunque
2607 3355 2673 3411 in
2704 3357 2968 3429 peregri-

870 3446 909 3473 “
945 3442 1180 3499 natione
1217 3440 1557 3505 decesserit,
1596 3439 1910 3510 pecuniam
1947 3456 2117 3494 suam
2155 3455 2334 3509 quam
2371 3455 2573 3495 secum
2607 3440 2672 3495 in
2705 3441 2969 3514 peregri-

870 3531 909 3557 “
946 3527 1181 3584 natione
1217 3525 1502 3590 attulerit,
1543 3523 1618 3580 ad
1653 3522 2140 3579 sustentationem
2189 3522 2573 3579 servientium
2609 3542 2870 3592 suorum,
2909 3529 2970 3581 et

870 3616 910 3642 “
948 3613 1025 3668 ad
1061 3610 1348 3667 auxilium
1384 3613 1559 3666 terrae
1599 3606 1956 3671 Jerusalem,
1997 3612 2057 3662 et
2108 3605 2183 3662 ad
2230 3607 2716 3664 sustentationem
2750 3627 2967 3681 paupe-

871 3699 910 3726 “
947 3714 1083 3752 rum
1119 3694 1363 3759 dividet,
1410 3693 1583 3764 juxta
1635 3690 1951 3748 consilium
2001 3689 2394 3747 discretorum
2431 3690 2698 3748 virorum
2749 3693 2853 3764 qui
2895 3691 2969 3748 ad

870 3785 909 3810 “
947 3782 1059 3836 hoc
1094 3775 1583 3835 constituentur.”

533 3905 767 3950 Mensurae
957 3884 1089 3950 His
1133 3884 1343 3971 igitur
1383 3879 1864 3968 praeordinatis,
1908 3878 2111 3965 elegit
2172 3879 2351 3945 viros
2396 3879 2859 3947 ecclesiasticos
2903 3883 2973 3946 et
2998 3888 3238 3940 Hoveden.

531 3958 605 4051 {3¹
621 3958 803 4053 ‘ffloet‘
869 3988 1049 4065 alios,
1096 4007 1260 4073 quos
1306 3978 1655 4049 constituit
1720 4004 1840 4068 per
1900 3985 2114 4046 terras
2174 4002 2326 4049 suas
2370 3965 2846 4049 transmarinas
2889 3983 2976 4049 ad
2996 3944 3088 3986 m
3105 3953 3146 3984 ι

530 4060 592 4103 m
627 4070 665 4102 α
870 4090 1278 4180 supradictas
1325 4085 1609 4152 decimas
1675 4084 1806 4150 sibi
1867 4083 2280 4171 colligendas,
2327 4082 2408 4150 de
2471 4083 2775 4152 omnibus
2836 4090 2974 4153 tam

869 4193 1122 4261 clericis
1165 4212 1365 4279 quam
1408 4187 1593 4254 laicis
1636 4188 1754 4273 qui
1798 4181 2054 4252 crucem
2097 4207 2235 4251 non
2278 4187 2663 4274 acceperint.

533 4317 785 4370 sugemem
801 4320 853 4362 or
961 4294 1165 4363 Unde
1194 4294 1445 4360 factum
1491 4294 1611 4369 est,
1662 4289 1839 4376 quod
1884 4309 2108 4354 omnes
2152 4287 2425 4354 ditiores
2466 4293 2797 4355 terrarum
2827 4311 2975 4355 sua-

535 4370 846 4473 ῗῖιῖῐιοιῗὲεῗξῖ
868 4421 1036 4475 rum,
1057 4403 1198 4463 tam
1220 4394 1436 4462 clerici
1457 4414 1659 4479 quam
1675 4391 1847 4471 laici,
1867 4390 2260 4456 catervatim
2289 4391 2573 4457 ruebant
2601 4393 2686 4456 ad
2718 4413 2974 4458 crucem

538 4528 823 4589 Hemgooe
873 4499 1277 4589 capiendam.
1372 4496 1464 4561 Et
1509 4495 1604 4560 sic
1648 4491 1933 4581 peractis
1978 4492 2259 4580 negotiis
2305 4494 2438 4558 suis
2484 4493 2558 4557 in
2602 4495 2796 4560 terris
2842 4494 2978 4559 suis

537 4581 797 4680 ffiffffipe'
874 4599 1351 4676 transmarinis,
1395 4596 1555 4663 fecit
1598 4616 1806 4660 naves
1852 4615 2004 4660 suas
2050 4595 2431 4683 congregari
2462 4595 2641 4682 apud
2685 4595 2979 4681 Depam3

876 4711 945 4772 et
991 4705 1130 4791 ipse
1173 4702 1332 4767 illuc
1376 4698 1735 4766 adveniens
1780 4718 1933 4763 cum
1974 4695 2229 4762 familia
2271 4719 2406 4777 sua,
2455 4718 2636 4763 mare
2678 4697 2981 4774 intravit,
