3585 5863
1363 877 1655 927 mmm
1701 878 2020 928 saeuum.
2661 866 2734 927 31

295 1058 550 1109 Hoveden.
651 1055 690 1081 “
727 1052 992 1108 vestibus
1023 1052 1315 1117 militum;
1372 1050 1630 1122 exceptis
1686 1050 1965 1105 si'militer
2017 1050 2185 1122 equis
2223 1054 2284 1104 et
2316 1049 2488 1105 libris
2526 1056 2588 1106 et
2620 1066 2751 1107 vos·
2810 1054 3054 1098 A-D·1188·

296 1110 545 1154 ³⁶⁵‘b’23'
650 1140 689 1165 “
727 1138 888 1192 tibus
950 1140 1010 1190 et
1066 1136 1456 1200 vestimentis,
1508 1140 1571 1190 et
1627 1134 1963 1189 omnimoda
2009 1134 2237 1205 capella
2283 1135 2651 1200 clericorum,
2693 1140 2753 1190 ct
2778 1105 3041 1211 0381ὶῖἓέ

653 1222 690 1248 “
730 1220 1027 1292 lapidibus
1064 1219 1340 1291 pretiosis
1377 1224 1500 1274 tam
1536 1217 1889 1273 clericorum
1926 1236 2103 1289 quam
2139 1218 2442 1273 laicorum.
2778 1220 2830 1261 οἳ
2844 1218 2925 1260 the
2943 1218 3064 1259 Sala·

725 1331 763 1355 “
792 1327 931 1397 (ΙΙ.)
970 1325 1302 1397 Colligatm·
1356 1331 1553 1381 autem
1590 1325 1842 1396 pecunia
1891 1325 2009 1380 ista
2042 1326 2106 1380 in
2142 1326 2396 1397 singulis
2432 1326 2750 1399 parochii3‚
2778 1269 2861 1311 dm
2878 1269 3013 1311 utho.

655 1414 694 1441 “
732 1416 1021 1484 praesente
1070 1410 1418 1482 presbytero
1470 1409 1785 1480 parochiae,
1844 1414 1904 1464 et
1957 1408 2485 1481 archipresbytero,
2528 1416 2587 1466 et
2638 1428 2757 1465 uno

657 1497 695 1523 “
733 1494 1069 1567 Templario
1105 1498 1166 1549 et
1199 1510 1318 1548 uno
1353 1492 1779 1563 Hospitalario,
1810 1497 1869 1547 et
1906 1493 2198 1548 serviente
2236 1493 2459 1549 domini
2492 1494 2660 1565 regis
2698 1500 2758 1549 et

657 1582 697 1607 “
736 1578 951 1634 clerico
1002 1576 1187 1649 regis,
1229 1577 1524 1632 serviente
1573 1575 1812 1631 baronis
1865 1580 1927 1630 et
1975 1576 2192 1631 clerico
2246 1577 2375 1648 ejus
2425 1586 2487 1633 et
2542 1576 2758 1632 clerico

658 1664 698 1689 “
737 1658 1029 1733 episcopi;
1086 1660 1244 1716 facta
1292 1659 1461 1731 prius
1499 1659 2099 1715 excommunicatione
2152 1660 2225 1715 ab
2277 1660 2755 1732 archiepiscopis,

658 1748 698 1774 “
737 1744 1049 1817 episcopis,
1120 1743 1649 1815 archipresbyteris
1712 1742 1966 1813 singulis
2026 1743 2090 1797 in
2148 1742 2402 1814 singulis
2462 1744 2759 1816 parochiis

658 1831 698 1857 “
737 1846 913 1901 super
971 1838 1473 1898 unumquemque,
1539 1825 1643 1897 qui
1702 1825 1993 1881 decimam
2051 1832 2433 1897 praetaxatam
2489 1826 2760 1897 legitime

659 1915 697 1941 “
737 1929 850 1968 non
875 1911 1121 1976 dederit,
1151 1910 1260 1966 sub
1296 1910 1614 1982 proesentia
1648 1914 1710 1965 et
1732 1908 2092 1966 conscientia
2125 1909 2368 1965 illorum
2395 1910 2498 1981 qui
2522 1910 2756 1977 debent,

659 1998 699 2023 ‘⁸
738 1996 893 2051 sicut
926 1994 1151 2050 dictum
1186 1999 1296 2057 est,
1323 1993 1629 2049 interesse.
1692 1992 1774 2047 Et
1810 1993 1864 2047 si
1899 1992 2116 2063 aliquis
2146 1992 2320 2064 juxta
2342 1995 2759 2049 conscientiam

661 2080 700 2105 “
738 2079 978 2134 illorum
1001 2078 1199 2133 miuus
1236 2076 1466 2133 dederit
1503 2093 1680 2146 quam
1716 2074 2010 2142 debuerit,
2039 2075 2338 2147 eligentur
2374 2077 2447 2132 de
2482 2077 2761 2149 parochia

661 2165 701 2190 “
740 2167 992 2233 quatuor
1025 2160 1124 2217 vel
1160 2177 1262 2217 sex
1295 2160 1414 2216 viri
1460 2159 1737 2230 legitimi,
1780 2160 1884 2231 qui
1912 2160 2099 2231 jurati
2135 2160 2334 2217 dicant
2370 2162 2757 2233 quantitatem

661 2248 700 2272 “
738 2245 904 2300 illam
959 2262 1137 2317 quam
1174 2244 1279 2299 ille
1316 2243 1624 2298 debuisset
1657 2242 1913 2311 dixisse3
1972 2250 2035 2301 et
2083 2249 2225 2300 tunc
2262 2245 2552 2316 oportebit
2584 2245 2756 2300 illum

661 2332 700 2356 “
738 2329 1133 2401 superaddere
1172 2327 1330 2399 quod
1363 2326 1559 2382 minus
1596 2325 1778 2382 dedit.

734 2437 772 2463 “
801 2433 967 2506 (111.)
1007 2434 1226 2490 Clerici
1279 2438 1477 2488 autem
1528 2438 1589 2488 et
1641 2432 1885 2498 milites,
1943 2433 2047 2503 qui
2101 2450 2338 2489 crucem
2390 2440 2754 2506 acceperunt,

664 2522 703 2547 “
740 2519 890 2574 nihil
925 2519 997 2574 de
1035 2518 1266 2573 decima
1312 2517 1431 2573 ista
1482 2516 1723 2581 dabunt,
1765 2515 1871 2571 sed
1906 2516 1979 2571 de
2033 2518 2269 2588 proprio
2323 2536 2430 2573 suo
2466 2524 2529 2574 et
2575 2518 2760 2573 domi-

664 2605 703 2630 “
739 2603 906 2667 nic03
948 2607 1008 2657 et
1032 2600 1318 2673 quicquid
1339 2600 1604 2655 homines
1628 2598 1869 2654 illorum
1906 2599 2217 2656 debuerint
2240 2601 2315 2659 ad
2351 2619 2498 2673 opus
2522 2602 2761 2658 illorum

667 2687 706 2712 “
744 2686 1098 2757 colligentur
1132 2701 1240 2755 per
1276 2683 1665 2754 supradictos,
1706 2688 1768 2738 et
1803 2682 1889 2737 eis
1924 2687 2117 2738 totum
2153 2683 2452 2740 reddetur.

737 2793 776 2820 “
802 2790 965 2859 (IV.)
1002 2789 1283 2862 Episcopi
1337 2794 1535 2845 autem
1585 2805 1694 2860 per
1743 2788 1974 2843 litteras
2012 2805 2148 2844 suas
2198 2789 2263 2843 in
2313 2790 2565 2862 singulis
2600 2808 2768 2862 paro-

668 2877 709 2901 “
746 2873 896 2930 chiis
957 2873 1403 2946 episcopatuum
1476 2888 1717 2927 suorum
1777 2872 1994 2927 facient
2049 2874 2342 2942 nunciari,
2406 2881 2467 2931 et
2537 2876 2601 2930 iu
2670 2875 2767 2931 die

667 2961 706 2987 “
743 2958 995 3022 Natalis,
1036 2964 1098 3013 et
1151 2957 1354 3013 Sancti
1407 2956 1710 3028 Stephani,
1758 2962 1821 3013 et
1870 2957 2073 3013 Sancti
2117 2957 2423 3023 Johannis,
2466 2965 2536 3016 ut
2586 2979 2767 3016 unus·

666 3045 705 3071 “
745 3043 996 3114 quisque
1057 3041 1348 3096 decimam
1396 3045 1781 3111 praetaxatam
1831 3040 1988 3095 infra
2040 3041 2517 3098 Purificationem
2567 3043 2766 3099 Beatae

666 3129 706 3154 “
741 3126 1014 3198 Virginis
1063 3142 1243 3196 penes
1300 3141 1365 3180 se
1420 3123 1680 3194 colligat,
1737 3126 2009 3196 sequenti
2064 3125 2160 3180 die
2212 3132 2274 3182 et
2307 3126 2604 3200 deinceps,
2644 3129 2766 3184 illis

666 3213 705 3239 “
742 3209 1132 3282 prsesentibus
1189 3209 1292 3281 qui
1343 3208 1487 3264 dicti
1540 3214 1696 3275 sunt,
1736 3209 1814 3264 ad
1861 3210 2058 3266 locum
2114 3229 2230 3282 quo
2279 3218 2522 3269 vocatus
2566 3213 2764 3279 fuerit,

667 3297 706 3323 “
744 3296 1155 3366 unusquisque
1191 3293 1507 3365 persolvat.

313 3406 572 3458 novacen,
740 3399 913 3469 “(1.)
951 3400 1251 3456 Praeterea
1309 3403 1595 3455 statutum
1656 3403 1749 3454 est
1810 3416 1845 3453 a
1907 3400 2170 3456 Romano
2228 3402 2542 3472 pontifice,¹
2610 3402 2768 3474 quod
2792 3412 2995 3456 Fui-ther

307 3464 410 3503 ³⁶⁵·
429 3459 475 3500 b*
494 3462 563 3502 ⁴⁰·
669 3487 710 3513 “
750 3485 1106 3556 quicumque
1161 3482 1409 3538 clericus
1462 3481 1560 3537 vel
1612 3482 1799 3537 laicus
1854 3499 2089 3537 crucem
2140 3486 2483 3556 susceperit,
2539 3485 2611 3540 ab
2648 3504 2768 3541 om·
2792 3464 3064 3556 ξζξζῗῖῧξῖῗ

305 3578 438 3620 1522.
670 3570 711 3596 ‘⁸
747 3569 922 3623 nibus
982 3566 1239 3638 peccatis
1301 3566 1372 3621 de
1426 3564 1639 3637 quibus
1691 3565 2036 3637 poenituerit
2094 3571 2156 3621 et
2212 3567 2512 3622 confessus
2567 3569 2764 3634 suerit,
2793 3565 2874 3607 ‘¹¹⁰
2891 3564 3095 3608 ⁰¹⁸⁸&ss

671 3654 711 3680 “
750 3650 1096 3707 auctoritate
1134 3649 1267 3714 Dei,
1308 3655 1369 3704 et
1419 3649 1727 3704 beatorum
1781 3649 2182 3720 apostolorum
2219 3649 2473 3706 Suorum
2508 3650 2674 3707 Petri
2710 3659 2770 3708 et

670 3738 710 3764 ‘⁸
748 3734 942 3800 Pauli,
980 3733 1266 3789 liberatus
1304 3738 1397 3788 est
1432 3737 1493 3788 et
1528 3732 1852 3788 absolutus.

741 3843 781 3868 “
806 3839 945 3908 (ΙΙ.)
982 3838 1353 3910 Dispositum
1390 3843 1483 3894 est
1529 3842 1725 3893 autem
1760 3856 1798 3894 a
1831 3839 2074 3911 regibus
2123 3847 2185 3897 et
2218 3840 2672 3914 archiepiscopis
2711 3849 2771 3898 ct

673 3926 710 3952 “
749 3922 1061 3995 episcopis,
1101 3926 1163 3977 et
1197 3922 1333 3977 aliis
1386 3921 1756 3993 principibus
1808 3927 2004 3990 terrae,
2046 3924 2203 3996 quod
2254 3943 2455 3981 omnes
2509 3926 2601 3982 illi
2648 3930 2769 3981 tam

673 4009 711 4035 “
749 4006 951 4062 clerici
988 4022 1165 4076 quam
1199 4004 1358 4069 laici,
1399 4005 1503 4076 qui
1550 4004 1662 4060 hoc
1700 4005 1816 4060 iter
1850 4024 1967 4061 non
2003 4008 2308 4079 arripient,
2349 4008 2604 4066 decimas
2639 4010 2770 4065 red-

672 4093 710 4119 “
747 4089 999 4154 dituum,
1037 4093 1099 4143 et
1131 4088 1443 4143 mobilium
1491 4106 1734 4143 suorum
1769 4089 1950 4161 hujus
2006 4092 2161 4154 anni,
2202 4097 2262 4147 et
2298 4092 2561 4147 omnium
2597 4094 2774 4149 catal-

673 4176 713 4202 “
749 4173 942 4228 lorum
990 4190 1233 4228 suorum
1286 4177 1409 4227 tam
1465 4171 1529 4227 in
1581 4190 1724 4228 auro
1780 4190 1957 4244 quam
2007 4173 2070 4227 in
2123 4179 2368 4246 argento
2405 4181 2466 4232 et
2501 4177 2772 4232 omnibus

676 4259 713 4286 “
751 4257 885 4312 aliis
922 4256 1161 4322 dabunt,
1203 4253 1472 4326 exceptis
1499 4256 1762 4311 vestibus
1800 4261 1862 4311 et
1895 4256 2064 4311 libris
2102 4262 2163 4312 et
2196 4258 2565 4315 vestimentis
2603 4260 2772 4315 cleri-

676 4343 714 4370 “
752 4357 958 4396 corum
978 4345 1038 4396 et
1071 4339 1527 4411 capellanorum,
1556 4345 1618 4396 et
1639 4338 1938 4411 lapidibus
1967 4339 2242 4411 pretiosis
2265 4346 2388 4397 tam
2423 4342 2771 4399 clericorum

815 4525 960 4531 ---..‹
986 4524 1016 4529 -ι
1055 4525 1074 4529 -
1095 4524 1136 4529 --
1157 4523 1506 4530 --rma—m
1525 4524 1710 4529 ----..-,

739 4641 756 4674 ¹
791 4643 956 4694 These
1010 4648 1218 4694 statutes
1274 4657 1360 4693 are
1412 4642 1562 4708 given
1606 4643 1678 4707 by
1767 4641 1836 4692 cil
1873 4641 1930 4692 of
1962 4642 2323 4709 Geddington3
2359 4659 2441 4696 see
2480 4645 2588 4696 also
2625 4646 2774 4699 Νεν-

676 4720 899 4774 Gervase
920 4722 977 4772 in
997 4721 1081 4772 his
1102 4727 1319 4773 account
1338 4720 1397 4772 of
1411 4722 1498 4773 the
1510 4721 1679 4774 coun-
1768 4721 1949 4787 burgh,
1978 4720 2045 4772 iii.
2070 4727 2152 4773 23.
