3585 5863
178 4111 418 4167 Heroden,

178 4147 418 4211 muso.

1437 962 1734 1011 mmmm.
2516 950 2641 1012 195

433 1181 445 1201 .
535 1132 957 1218 protenditur
1000 1133 1179 1197 inter
1221 1133 1387 1198 duas
1431 1139 1642 1200 terras
1687 1140 1755 1201 et
1800 1135 2021 1201 sinum
2066 1134 2249 1201 facit.
2341 1133 2641 1200 Sathalia
2698 1156 2810 1202 Am.
2826 1161 2942 1204 ιιοι.

536 1233 876 1300 castellum
943 1240 1044 1301 est
1087 1236 1432 1323 optimum,
1478 1239 1655 1304 unde
1721 1237 1944 1325 gulfus
2008 1238 2121 1303 ille
2165 1258 2408 1302 nomen
2460 1258 2638 1302 acee-
2661 1218 2914 1365 Ρὴὲὲξιῃθ

533 1336 638 1422 pit
664 1362 683 1418 3
745 1343 816 1403 et
859 1359 1054 1424 super
1096 1337 1352 1425 gulfum
1395 1338 1587 1404 illum
1632 1346 1790 1405 sunt
1835 1341 1968 1405 duo
2014 1339 2279 1407 castella
2322 1343 2393 1404 et
2436 1323 2857 1426 villae,t⁸1,„.

534 1443 604 1503 et
664 1444 1025 1526 utrumque
1092 1440 1338 1506 dicitur
1382 1439 1651 1508 Satalia.
1745 1441 1879 1507 Sed
1941 1463 2151 1506 unum
2210 1441 2475 1506 fflorum
2535 1446 2637 1509 est

534 1539 868 1607 desertum
934 1546 1005 1607 et
1071 1543 1318 1608 dieitur
1383 1548 1579 1609 vetus
1643 1541 1915 1624 satalia,
1980 1542 2158 1630 quod
2223 1544 2460 1630 piratae
2523 1543 2637 1608 de-

530 1646 971 1724 struxerunt,
956 1670 969 1683 ·
1045 1649 1114 1710 et
1186 1644 1471 1711 alterum
1544 1667 1719 1710 nova
1794 1646 2048 1712 Satalia
2123 1645 2384 1724 dicitur,
2460 1646 2637 1732 quod

533 1745 806 1811 Manuel
848 1747 1211 1833 imperator
1256 1747 1866 1836 Constantinopolis
1910 1749 2224 1813 firmavit.

621 1847 1056 1934 Transitoque
1127 1848 1309 1935 gulfo
1385 1849 1673 1931 Sataliae,
1749 1850 2065 1916 transivit
2137 1871 2258 1915 rex
2333 1848 2634 1916 Franeiae
2708 1862 2768 1907 fo·
2784 1863 2861 1909 1⁷2
2876 1866 2937 1909 1⁹-

530 1972 680 2015 cum
724 1951 928 2037 galeis
971 1951 1106 2016 suis
1149 1951 1274 2016 sub
1316 1956 1543 2017 monte
1583 1952 1701 2038 qui
1744 1952 1991 2018 dieitur
2020 1952 2337 2018 Siredone
2380 1952 2455 2016 in
2498 1953 2632 2019 fine
2656 1926 2948 2034 οῗιὲιῃιις

530 2052 695 2140 gulfi
740 2052 1030 2118 Sataliae.
1125 2052 1385 2118 Deinde
1426 2054 1741 2119 transivit
1804 2075 1921 2141 per
1964 2058 2258 2120 montem
2304 2054 2631 2120 excelsum

529 2155 744 2236 valde,
790 2156 908 2242 qui
952 2154 1198 2221 dicitur
1241 2155 1492 2222 Reswz.

619 2258 883 2324 Deinde
924 2258 1116 2324 venit
1173 2259 1261 2323 ad
1305 2257 1586 2323 fiuvium
1649 2259 1766 2344 qui
1832 2257 2079 2325 dieitur
2123 2258 2387 2337 Winke,
2432 2282 2629 2347 super
2652 2272 2734 2316 the
2750 2271 2821 2314 riv
2820 2284 2871 2316 er

529 2383 725 2447 quem
771 2365 876 2427 est
919 2360 1263 2427 castellum
1323 2360 1732 2426 destructum
1775 2382 1897 2447 per
1939 2361 2192 2447 piratas
2244 2360 2422 2446 quod
2467 2361 2630 2427 diei-
2651 2323 2935 2477 ἓὴέἕζυὲῐ

527 2469 643 2530 tur
686 2465 936 2531 Reswz.
1027 2464 1117 2528 Et
1167 2464 1413 2528 fluvius
1464 2463 1577 2529 ille
1639 2463 1889 2528 dieitur
1933 2469 2167 2550 portus
2218 2462 2625 2543 Pisanorum,

527 2589 606 2633 eo
670 2567 848 2653 quod
914 2565 1147 2654 piratae
1191 2566 1416 2631 Pisani
1460 2571 1729 2655 portum
1791 2565 1983 2629 illum
2043 2565 2281 2653 saepius
2325 2565 2628 2651 frequen-

526 2674 695 2736 tant.
788 2669 880 2735 Et
945 2669 1230 2756 contigit
1295 2669 1473 2755 quod
1536 2689 1686 2733 cum
1746 2689 1869 2732 rex
1924 2668 2219 2733 Franciae
2285 2668 2628 2734 transisset

525 2771 803 2859 perinde
873 2771 1136 2837 invenit
1211 2771 1309 2836 ibi
1381 2773 1668 2856 quatuor
1742 2769 1963 2856 galeas
2047 2770 2435 2857 piratarum,
2512 2771 2628 2856 qui

526 2874 740 2941 multa
813 2873 990 2939 mala
1061 2873 1354 2939 fecerant
1430 2871 1864 2954 Christianis3
1942 2877 2011 2939 et
2077 2872 2255 2960 oepit
2318 2893 2427 2938 eas
2489 2894 2624 2940 rex,

531 2976 777 3043 Piratae
821 2980 1061 3055 autem,
1107 2975 1358 3042 relictis
1403 2975 1610 3063 galeis
1653 2975 1979 3062 fugerunt
2027 2975 2102 3041 in
2158 2974 2510 3052 montanis,
2554 2980 2626 3041 et

528 3080 621 3145 sio
665 3083 1018 3146 evaserunt
1060 3083 1356 3143 mortem.

615 3182 876 3248 Deinde
920 3181 1106 3249 venit
1157 3202 1276 3246 rex
1317 3180 1403 3246 ad
1449 3181 1763 3247 Min-eam
1809 3181 2169 3259 civitatem,
2223 3179 2343 3245 ubi
2388 3179 2624 3246 beatus
2650 3191 2806 3245 Myr-2

527 3283 889 3350 Nieholaus
935 3283 1564 3371 archiepiscopatum
1625 3283 1864 3359 tenuit,
1910 3306 2058 3370 quae
2104 3282 2331 3349 Graece
2374 3281 2624 3349 dicitur

526 3386 864 3454 Stamirre.

614 3490 876 3555 Deinde
920 3489 1110 3554 venit
1151 3487 1263 3554 ille
1324 3488 1410 3553 ad
1470 3487 1721 3552 bonum
1763 3490 2033 3574 portum
2094 3489 2163 3550 et
2206 3505 2507 3551 securum
2551 3486 2625 3551 in
2649 3500 2848 3555 Kekova,

522 3594 705 3658 omni
748 3595 1141 3680 tempestate
1171 3596 1239 3657 et
1268 3595 1487 3668 vente,
1522 3590 1639 3676 qui
1683 3588 1932 3654 dieitur
1977 3584 2383 3668 Craehous31
2427 3593 2497 3653 et
2542 3609 2626 3653 ex

521 3701 806 3782 utraque
848 3700 1038 3782 parte
1080 3694 1260 3759 illius
1306 3696 1540 3781 portus
1581 3691 1852 3756 fuerunt
1897 3688 2268 3775 antiquitus
2315 3689 2625 3755 civitates

519 3799 814 3887 pulchrae
858 3804 927 3865 et
994 3820 1253 3885 magnae
1317 3818 1465 3884 quae
1526 3795 1921 3861 dicebantur
1968 3792 2165 3860 Cake.
2258 3792 2349 3859 Et
2408 3793 2623 3858 ruinae

518 3923 782 4019 inagnae
826 3905 1145 3988 apparent
1191 3921 1399 3986 usque
1457 3898 1532 3962 in
1589 3898 1987 3963 hodiernum
2032 3895 2250 3977 diem5
2315 3900 2384 3961 et
2428 3916 2622 3960 nemo

515 4004 593 4069 in
638 4004 733 4070 eis
776 4003 1041 4069 habitat
1084 4008 1351 4090 propter
1393 4004 1651 4066 metum
1695 4000 2082 4087 piratarum.
2527 4037 2604 4080 s·

609 4107 870 4173 Deinde
913 4105 1229 4171 transivit
1271 4127 1390 4192 per
1432 4103 1681 4169 insulas
1726 4103 1809 4168 de
1847 4102 1997 4179 Yse‚
2042 4101 2118 4164 in
2162 4120 2443 4185 quarum
2486 4120 2623 4163 una
2644 4114 2931 4217 magon-izo

519 4213 623 4276 est
655 4208 996 4275 castellum
1038 4206 1217 4295 quod
1261 4207 1505 4272 dieitur
1543 4204 1908 4272 Castellum
1938 4204 2144 4289 Ruge.
2221 4202 2331 4267 Ibi
2375 4202 2673 4267 mansita
2644 4178 2785 4311 alffius
2802 4215 2885 4260 the

508 4311 921 4430 jamdudum
999 4310 1303 4398 quaedam
1386 4307 1606 4397 puella
1680 4330 1829 4395 quae
1910 4305 2045 4370 Yse
2120 4304 2504 4386 vocabatur,
2582 4326 2625 4371 a
2644 4280 2675 4320 Ρ
2747 4279 2787 4312 ⁰⁹

518 4415 704 4501 eujus
746 4413 1013 4480 nomine
1042 4412 1280 4479 insulae
1324 4411 1460 4479 illae
1503 4432 1745 4477 nomen
1790 4411 2200 4496 acceperunt.
2277 4406 2621 4494 Indigenae

516 4517 785 4604 quidem
851 4520 1129 4581 narrant
1191 4514 1369 4602 quod
1432 4514 1705 4601 quidam
1772 4512 1963 4579 miles
2027 4509 2267 4577 dilexit
2333 4510 2621 4597 puellam

514 4619 723 4696 illam,
752 4623 822 4685 et
863 4619 982 4683 illa
1024 4617 1246 4683 noluit
1290 4617 1658 4685 consentire
1701 4615 1806 4680 illi
1852 4613 2173 4701 quamdiu
2218 4611 2439 4678 vixit.
2490 4633 2623 4698 qua

527 4781 636 4789 --
991 4780 1098 4787 d.—

1214 4862 1233 4894 1
1272 4862 1551 4928 emam]
1590 4860 1829 4925 Kakois,
1851 4860 1922 4911 H.

2217 4955 2266 5005 N
2313 4941 2383 5004 21
