3585 5863
1501 884 1806 938 chnm.
2582 877 2601 936 1
2621 875 2705 944 57

602 1051 808 1118 tertia
851 1052 1228 1118 Willelmus
1294 1052 1376 1118 de
1425 1051 1626 1118 Bares
1690 1053 1773 1119 de
1837 1053 2113 1120 civitate
2182 1053 2501 1134 Messana,
2550 1054 2708 1140 quia
2766 1071 2820 1115 A
2824 1071 2876 1115 n.
2893 1076 3009 1118 1191.

2768 1121 2831 1165 Fe
2806 1122 3015 1175 ebrum-y.

601 1175 754 1218 eum
813 1177 935 1220 rex
997 1154 1298 1220 Franciae
1359 1155 1580 1220 noluit
1643 1156 1927 1221 retinere
1996 1163 2226 1222 contra
2291 1157 2705 1221 voluntatem
2730 1184 2806 1228 He
2824 1186 2921 1230 leav
2894 1197 2972 1229 m

600 1255 774 1341 regis
831 1256 1113 1342 Angliae.
1205 1255 1367 1321 Post
1429 1256 1570 1320 dies
1638 1256 1902 1337 multOS‚
1950 1279 2100 1322 cum
2168 1262 2432 1344 tempus
2494 1262 2708 1321 trans-
2729 1234 2901 1279 ”⁰⁸⁶⁰
2870 1249 2943 1280 ¹¹⁸·

601 1356 895 1422 fretandi
939 1357 1335 1436 advenisset,
1369 1361 1700 1423 venerunt
1743 1357 1990 1423 iterum
2034 1359 2120 1423 ad
2166 1381 2387 1445 regem
2418 1358 2702 1445 Angliae,

601 1479 719 1524 rex
787 1458 1087 1527 Franciae
1154 1464 1225 1525 et
1293 1480 1519 1524 omnes
1591 1459 2059 1550 archiepiscopi
2125 1466 2195 1526 et
2271 1460 2559 1548 episcopi
2634 1466 2706 1526 et

601 1561 873 1627 comites
937 1566 1007 1626 et
1069 1560 1350 1627 barones
1419 1560 1761 1640 exercitus,
1819 1565 1890 1626 et
1954 1562 2296 1647 provoluti
2359 1562 2446 1626 ad
2508 1563 2705 1648 pedes

600 1662 741 1746 ejus
802 1683 1030 1748 pacem
1074 1666 1144 1728 et
1205 1661 1718 1728 misericordiam
1763 1662 2177 1749 postulantes
2220 1685 2340 1751 pro
2383 1664 2704 1749 praedicto

602 1762 949 1843 Willelmo,
1003 1765 1424 1830 ostendentes
1490 1785 1639 1849 quae
1698 1765 1944 1829 damna
2012 1765 2094 1831 de
2159 1764 2465 1830 absentia.
2524 1766 2701 1830 tanti

481 1891 486 1896 ·
601 1886 678 1930 ac
719 1865 879 1931 talis
925 1864 1162 1931 militis
1206 1869 1475 1952 possent
1520 1867 1828 1931 accidere.
1922 1867 2218 1932 Tandem
2264 1887 2415 1931 cum
2461 1888 2702 1952 11133113
2726 1882 2861 1925 mer

274 3100 536 3149 8002127.

274 3198 497 3299 331·

265 4204 494 4259 novacen.

265 4258 349 4301 ³01.
362 4258 407 4303 b.
425 4261 493 4303 81.

600 1965 987 2032 difficultate
1049 1966 1365 2032 adversus
1427 1987 1646 2053 1333111
1691 1966 1956 2053 Angliae
2020 1968 2454 2035 obtinuerunt
2524 1967 2701 2054 quod
2726 1934 2987 2079 ffimomhagufidnis

602 2067 971 2134 Willelmus
1033 2069 1115 2134 de
1191 2068 1394 2134 Bares
1455 2068 1528 2132 in
1594 2090 1821 2153 pacem
1883 2068 2174 2134 rediret.
2262 2071 2700 2156 promittente
2725 2084 2842 2128 with
2860 2083 2971 2131 him

601 2190 751 2256 rege
795 2170 1059 2257 Angliae
1104 2192 1223 2236 nec
1281 2170 1382 2235 illi
1441 2190 1560 2235 1133
1604 2171 1741 2236 3313
1787 2170 2142 2257 quicquam
2191 2171 2421 2236 damni
2479 2171 2697 2257 inqui-

600 2276 772 2337 reret
822 2292 943 2337 1133
986 2272 1263 2338 inferret
1306 2273 1628 2358 quamdiu
1673 2274 1746 2337 in
1789 2272 2066 2338 servitio
2115 2273 2244 2338 Dei
2288 2279 2521 2341 essent.

690 2373 937 2439 Eodem
999 2395 1221 2439 mense
1266 2374 1610 2439 Februarii
1669 2373 1894 2460 plures
1941 2374 2023 2439 de
2068 2375 2356 2440 navibus
2404 2397 2553 2460 quae
2616 2375 2698 2439 de
2724 2390 2921 2435 Liberali
2923 2392 2977 2444 ty

601 2474 847 2561 Anglia
873 2481 1195 2541 venerant
1239 2475 1426 2541 dedit
1470 2476 1610 2561 regi
1643 2475 1942 2541 Franciae
1987 2481 2056 2540 et
2101 2477 2255 2542 suis.
2332 2476 2697 2540 Thesauros
2723 2491 2809 2536 mc
2786 2442 2940 2534 kima.

601 2599 860 2663 quoque
944 2578 1045 2643 ita
1116 2576 1375 2664 profuse
1451 2576 1799 2641 distribuit
1874 2576 2245 2654 comitibus,
2321 2576 2698 2656 baronibus,
2759 2593 2819 2637 ro.
2836 2595 2912 2637 133
2930 2603 2987 2638 ro.

600 2678 1054 2764 militibusque
1128 2684 1199 2745 et
1272 2677 1718 2744 servientibus
1794 2678 2143 2756 exercitus,
2220 2678 2398 2763 quod
2473 2679 2695 2744 nullus

597 2781 1145 2867 praedeoessorum
1212 2801 1483 2845 suorum
1527 2801 1826 2865 unquam
1871 2780 1981 2845 vel
2049 2780 2122 2843 in
2195 2800 2371 2843 anno
2418 2779 2693 2859 dederit,

596 2886 923 2970 quantum
969 2886 1132 2947 tunc
1176 2881 1457 2948 donavit
1521 2882 1594 2946 in
1640 2902 1864 2947 mense
1909 2879 2274 2947 Februarii.
2369 2879 2567 2947 Unde
2627 2887 2696 2948 et

591 2985 884 3051 favorem
947 2984 1258 3049 donantis
1320 2984 1614 3050 creditur
1679 2984 2137 3070 promeruisse,
2193 2983 2351 3070 quia
2419 2983 2695 3077 hilarem

594 3088 892 3152 datorem
938 3086 1161 3173 diligit
1207 3086 1403 3151 Deus.

685 3189 931 3253 Eodem
977 3209 1216 3268 mense,
1263 3187 1509 3252 multas
1551 3187 1771 3274 galeas
1816 3187 2000 3252 misit
2043 3187 2222 3254 idem
2268 3210 2387 3253 rex
2432 3187 2695 3274 Angliae
2722 3197 2798 3242 110
2812 3199 2952 3244 sends

2719 3250 3000 3294 tomeethis

593 3290 680 3356 ad
730 3290 1077 3376 Neapolim
1123 3292 1352 3355 contra
1396 3293 1673 3353 matrem
1718 3309 1905 3352 suam
1950 3288 2224 3354 Alienor
2268 3290 2582 3376 reginam,
2626 3293 2696 3354 et
2718 3299 3014 3404 ffiegmg

593 3398 827 3459 eontra
881 3391 1325 3479 Berengeram
1369 3389 1579 3456 filiam
1625 3388 1888 3455 Sanccii
1932 3389 2109 3475 regis
2153 3390 2220 3453 N
2225 3411 2461 3470 avarae
2495 3410 2749 3475 quamn
2718 3401 2769 3442 t
2786 3400 2969 3453 Names

593 3516 715 3561 rex
782 3495 1103 3560 ducturus
1167 3498 1311 3557 erat
1374 3492 1445 3557 in
1514 3512 1807 3568 uxorem,
1875 3497 1944 3555 et
2011 3496 2244 3556 contra
2309 3491 2693 3578 Philippum

568 3597 901 3663 -comitem
948 3594 1295 3660 Flandriae.
1390 3593 1721 3659 Praedicta
1786 3612 1946 3655 vero
1998 3591 2275 3657 Alienor
2335 3594 2565 3679 regina
2626 3599 2695 3658 et

593 3699 729 3764 filia
802 3699 977 3783 regis
1043 3697 1111 3761 N
1113 3718 1351 3773 avarae,
1413 3716 1550 3760 non
1615 3697 1980 3781 potuerunt
2054 3693 2294 3758 habere
2357 3694 2692 3759 licentiam

593 3800 904 3867 veniendi
966 3799 1050 3863 ad
1100 3799 1472 3864 Messanam
1533 3796 1619 3860 ab
1678 3794 2057 3859 hominibus
2116 3795 2291 3881 regis
2350 3795 2691 3873 Tancredi,

592 3906 863 3989 propter
907 3900 1412 3966 multitudinem
1473 3898 1821 3963 hominum
1865 3897 2367 3978 comitantium3
2430 3902 2500 3963 et
2543 3920 2691 3984 pro-

591 4004 782 4070 fectae
845 4010 1002 4069 sunt
1070 4023 1279 4088 usque
1348 3999 1816 4065 Brundusium.
1916 3998 2010 4062 Et
2076 4019 2290 4065 comes
2358 3998 2692 4066 Flandriae

589 4106 810 4192 galeas
855 4105 1115 4171 intrans
1159 4103 1353 4169 venit
1398 4101 1486 4166 ad
1530 4102 1915 4165 Messanam.

678 4206 701 4244 ¹
724 4207 977 4273 Eodem
1023 4226 1247 4271 mense
1278 4203 1640 4280 Februarii,
1674 4202 1951 4299 audiens
1996 4223 2116 4268 133
2160 4202 2426 4289 Angliae
2471 4223 2689 4269 exces-

1261 4361 1546 4368 --·-—--—-
1555 4362 1563 4365 -
1595 4361 1608 4366 -
1635 4359 1760 4367 ἡ»...

659 4441 673 4473 ¹
710 4440 879 4506 Ralph
900 4441 962 4492 (le
992 4440 1176 4491 Diceto
1208 4439 1350 4505 gives
1373 4440 1442 4502 (c.
1470 4440 1593 4503 659)
1685 4437 1974 4499 1313113313
1988 4451 2103 4488 case
2120 4437 2181 4487 of
2193 4437 2281 4489 the
2301 4437 2690 4491 unffithfixlness

589 4528 693 4570 two
713 4519 884 4570 letters
906 4518 966 4569 of
978 4518 1233 4578 Ricina-th
1271 4533 1368 4568 one
1380 4516 1594 4582 lodging
1684 4518 1746 4568 of
1781 4516 1869 4567 the
1915 4517 2212 4568 chancellor.
2299 4516 2427 4567 This
2462 4517 2605 4568 letter
2642 4520 2687 4568 is

589 4598 676 4649 the
699 4612 928 4663 supreme
952 4612 1123 4662 power
1158 4597 1214 4646 in
1237 4597 1323 4646 the
1345 4597 1507 4646 hands
1539 4594 1601 4645 of
1683 4595 1837 4661 given
1881 4595 1938 4644 111
1984 4595 2078 4645 full
2122 4597 2192 4660 by
2239 4595 2481 4648 Giraldus
2537 4593 2686 4648 'Cam-

588 4677 821 4728 William
876 4677 1120 4737 Marshak
1166 4676 1409 4741 Geoffrey
1452 4675 1592 4725 Fitz-
1681 4674 1876 4725 brensis
1921 4673 2089 4739 (Aug.
2138 4674 2249 4725 Sac.
2297 4675 2351 4725 ii.
2398 4677 2540 4738 396),
2586 4679 2684 4727 and

585 4756 752 4820 Peter,
774 4756 932 4821 Hugh
955 4756 1180 4817 Bardolf,
1222 4755 1323 4805 and
1359 4754 1589 4806 William
1681 4753 1913 4806 contains
1935 4769 2001 4804 an
2024 4754 2174 4805 order
2194 4753 2303 4805 that
2324 4753 2543 4820 nothing
2565 4755 2610 4806 is
2630 4764 2685 4808 to

1661 4984 1698 5019 ἃ
