3585 5863
905 888 1095 933 CXXX
1337 885 1639 934 OUTLIN'E
1686 885 2076 936 ITINERARY
2121 889 2210 935 ΟΕ
2255 888 2500 937 ΗΕΝΒΥ
2543 889 2616 937 ΙΙ.

920 1066 1037 1108 Aa).
1080 1054 1239 1110 1155.

856 1204 869 1217 ι
917 1136 1069 1192 Mar.
1100 1138 1188 1194 13.
1276 1137 1644 1195 Submission
1680 1141 1747 1195 of
1776 1140 1979 1213 Roger
2016 1141 2084 1195 of
2112 1139 2428 1197 Hereford.
2502 1140 2682 1198 Gerv.
2721 1140 2883 1197 1378.

919 1304 1093 1376 April
1113 1305 1202 1362 10.
1276 1307 1721 1364 Wmmeronn.
1803 1307 2198 1365 “Conventus
2235 1308 2588 1381 generalis.”
2628 1308 2807 1366 Gerv.
2849 1307 3008 1364 1378.

1346 1391 1419 1447 Β.
1460 1393 1534 1448 de
1568 1392 1788 1459 Monte,
1826 1392 1953 1449 886.

924 1470 1073 1528 Mar.
1102 1472 1173 1529 27
1195 1481 1257 1531 to
1280 1474 1421 1546 May
1448 1475 1535 1531 15.
1614 1478 1653 1505 ‘⁸
1674 1477 1749 1532 In
1783 1482 2047 1549 tempore
2096 1477 2426 1534 Paschali.”
2514 1478 2656 1537 Chr.
2677 1477 2890 1542 Baffle,
2915 1476 3007 1532 75.

1347 1560 1563 1617 Revolt
1596 1562 1663 1617 of
1690 1562 1879 1634 Hugh
1915 1562 1988 1617 de
2025 1561 2352 1619 Mol-timer.

1275 1640 1599 1700 Omontmr.

1268 1727 1582 1785 meonn.

921 1808 959 1863 J
962 1809 1065 1879 uly
1097 1810 1153 1865 7.
1280 1811 1716 1868 ΒΒῙΜΒΝΟΒΤΗ.
1792 1813 1849 1868 Β.
1884 1813 1957 1868 de
1992 1812 2212 1878 Monte,
2240 1813 2369 1868 886.

920 1893 959 1947 J
962 1893 1065 1966 uly
1099 1895 1153 1951 8.
1270 1894 1708 1952 Rumor-,nomm
1789 1899 1828 1924 ‘⁸
1847 1897 2137 1952 Mandane
2183 1914 2290 1969 per
2337 1894 2617 1969 Angliam
2674 1894 3006 1951 universam

1343 1983 1384 2009 “
1420 1982 1907 2054 archiepiscopos,
1946 1980 2267 2053 episcopos,
2307 1987 2369 2037 et,
2390 1981 2666 2037 abbatum
2699 1980 3003 2051 plurimoS,

1343 2065 1383 2092 ‘⁸
1421 2064 1666 2122 comites
1702 2070 1764 2122 et
1800 2065 2046 2121 barones
2085 2066 2391 2121 universos
2430 2070 2637 2137 quarto
2674 2063 2769 2119 die
2792 2081 3006 2135 preecc-

1343 2151 1382 2176 “
1419 2149 1593 2205 denbe
1637 2149 1858 2207 festum
1900 2148 2100 2206 Sancti
2141 2148 2448 2205 Benedicti
2485 2148 2677 2204 aeetivi
2723 2148 3003 2219 temporis

1340 2236 1378 2261 “
1412 2233 1632 2288 ibidem
1657 2233 2028 2290 convenire.”
2102 2232 2241 2289 Chr.
2278 2233 2431 2289 Bell.
2469 2232 2561 2288 75.
2640 2231 3004 2288 Submission

1335 2318 1401 2373 of
1429 2318 1618 2389 Hugh
1655 2317 1730 2373 de
1764 2317 2095 2374 Mortimer.
2169 2317 2242 2373 Β.
2282 2317 2357 2372 de
2402 2316 2619 2383 Monte,
2658 2334 2716 2388 p.
2754 2315 2878 2371 886.

909 2396 1250 2471 July10,11.
1277 2401 1711 2457 Bmonnonm.
1787 2401 1927 2458 chr.
1955 2401 2169 2467 Battle,
2208 2399 2299 2456 75.

910 2481 1071 2555 Sept.
1112 2484 1201 2541 29.
1263 2485 1671 2542 Wmclmmn.
1736 2487 1776 2513 “
1796 2485 2019 2541 Habito
2047 2484 2291 2541 concilio
2316 2484 2389 2541 de
2408 2483 2801 2556 conquirendo
2817 2501 3001 2555 regno

1335 2572 1375 2598 “
1410 2570 1715 2627 Hibernioe
1766 2576 1828 2627 et
1879 2570 2178 2628 Willelmo
2224 2569 2396 2626 fiatri
2454 2587 2560 2626 suo
2610 2568 2815 2634 dandO,
2866 2586 3000 2624 cum

1333 2656 1373 2682 “
1412 2654 1791 2727 optimatibus
1819 2654 1945 2711 suis
1981 2652 2314 2710 mactavit?
2388 2654 2462 2709 Β.
2506 2651 2578 2708 dc
2614 2653 2836 2719 Monte,
2874 2652 2998 2708 887.

905 2734 1045 2793 Dec.
1082 2735 1171 2792 25.
1253 2736 1696 2795 Wns‘rmsmn.
1773 2741 1812 2767 “
1831 2738 2162 2794 Concilium
2209 2756 2381 2792 suum
2417 2737 2572 2809 apud
2604 2736 2997 2794 Wesmnonas·

1331 2824 1369 2849 ‘⁸
1408 2820 1685 2878 terium?
1761 2821 1901 2878 chr.
1940 2819 2090 2877 Bell.
2126 2820 2215 2876 76.

899 2964 1208 3105 3311&ss
1256 3049 1458 3106 Dom
1479 3056 1542 3108 to
1563 3050 1862 3107 Wrrsmn.
1899 3051 1973 3107 R.
1997 3050 2070 3107 de
2095 3051 2314 3119 Monte,
2335 3051 2477 3119 88'73
2502 3051 2653 3107 Ann.
2682 3051 2884 3108 Gamb.
2903 3051 2993 3107 46.

897 3131 1038 3188 Feb.
1065 3133 1118 3188 2.
1257 3133 1481 3191 Rom.
1551 3135 1625 3190 Β.
1666 3135 1738 3191 de
1773 3135 1994 3200 Monte,
2033 3135 2158 3191 887.

898 3216 1041 3273 Feb.
1064 3215 1117 3272 5.
1268 3220 1309 3246 “
1346 3219 1421 3274 In
1458 3219 1727 3291 sequenti
1770 3218 2078 3275 Dominica.
2117 3219 2349 3276 locutus
2385 3237 2520 3275 oum
2554 3237 2695 3291 rege
2732 3218 2994 3276 Franciae

1325 3305 1363 3330 “
1400 3303 1700 3359 Ludovico
1748 3304 1813 3359 in
1860 3304 2108 3360 confinio
2160 3302 2535 3360 Normanniae
2571 3309 2632 3359 et
2671 3302 2992 3361 Franciae.”

1318 3386 1390 3442 Β.
1427 3387 1502 3443 de
1536 3387 1737 3444 Monte
1772 3387 1897 3444 887.
1969 3387 2261 3460 Bouqnet,
2299 3386 2424 3442 xiii.
2464 3387 2587 3444 298.

897 3467 1038 3524 Feb.
1074 3496 1164 3524 —.
1258 3471 1297 3497 ‘⁸
1329 3470 1478 3526 Inde
1514 3472 1747 3527 rediens
1783 3470 2277 3543 Rothomagum.”
2349 3471 2422 3526 Β.
2451 3470 2524 3527 de
2547 3469 2764 3535 Monte,
2791 3471 2917 3526 887.

1251 3557 1290 3582 “
1310 3555 1385 3612 In
1418 3554 1913 3627 Andegavensem
1948 3555 2228 3628 pagum.'’
2300 3555 2373 3611 Β.
2404 3555 2476 3609 de
2499 3554 2718 3620 Monte,
2744 3554 2869 3611 887.

1248 3640 1287 3666 “
1309 3639 1481 3712 Cepit
1540 3646 1800 3696 castrum
1858 3639 2237 3696 Mirebellum
2297 3643 2360 3695 ot
2420 3638 2742 3696 Chinonem
2813 3640 2990 3712 longa

1248 3723 1286 3750 ‘⁸
1323 3722 1685 3778 obsidione.”
1758 3723 1834 3779 Β.
1875 3723 1949 3779 de
1984 3723 2206 3789 Monte,
2244 3722 2371 3778 888.

891 3803 929 3858 J
933 3804 1036 3874 uly
1058 3831 1149 3861 -.
1244 3805 1495 3862 Londun
1554 3807 1977 3873 surrendered;
2051 3807 2406 3863 submission
2474 3808 2540 3863 of
2597 3806 2867 3879 Geoffrey
2926 3810 2997 3863 of

1307 3889 1550 3947 Nautes.
1625 3890 1698 3946 Β.
1741 3891 1816 3946 de
1853 3890 2074 3957 Monte,
2114 3890 2238 3945 888.

884 3969 1038 4027 Nov.
1076 3971 1164 4029 11.
1236 3971 1499 4030 Sumen.
1572 3973 1789 4032 Chron.
1826 3974 2043 4040 Battle,
2081 3974 2172 4041 76,
2210 3973 2300 4029 77.

885 4153 996 4193 ω.
1024 4137 1182 4193 1157.

1234 4223 1527 4279 Momm.
1606 4223 1965 4295 Obartulary
1988 4226 2056 4279 of
2072 4223 2284 4279 Mount
2309 4223 2369 4278 S.
2399 4222 2636 4278 Michel.
2676 4220 2980 4297 (D’Anisy‚

1303 4306 1433 4362 MS.
1470 4306 1511 4362 i.
1549 4305 1674 4373 277,
1715 4306 1868 4374 280.)

880 4388 1031 4444 Mar.
1060 4390 1149 4446 31.
1234 4391 1461 4446 Ecstor.

882 4486 1055 4559 April
1088 4487 1144 4546 7.
1242 4489 1281 4515 “
1301 4488 1447 4544 Post
1481 4494 1715 4543 octavas
1752 4488 2013 4553 Paschae,
2041 4485 2196 4558 apud
2230 4486 2670 4544 Barbefinvium
2703 4489 2979 4547 munivit

1300 4574 1339 4599 ‘⁸
1376 4572 1441 4627 in
1474 4570 1813 4644 Angliam.”
1884 4571 1957 4626 Β.
1993 4572 2067 4626 de
2102 4572 2319 4636 Monte,
2357 4572 2480 4628 889.

1231 4655 1669 4711 Somnfflmn.
1744 4655 1959 4710 Ghron.
1995 4654 2209 4722 Battle,
2247 4656 2340 4711 84.

1225 4740 1479 4795 Lonnon.
1554 4739 1692 4795 chr.
1729 4739 1944 4806 Battle,
1983 4740 2072 4795 84.

1226 4822 1449 4881 Onon.
1521 4824 1662 4881 Chr.
1700 4823 1919 4891 Battle,
1956 4824 1993 4880 8
