3585 5863
945 863 1072 931 172
1762 877 1973 925 Gns'rA
2015 876 2216 925 παῖε

633 1073 879 1167 A'Pfissssm’
940 1074 1045 1117 sas
1091 1053 1443 1133 machinas,
1491 1058 1559 1117 et
1605 1074 1720 1139 per
1769 1052 2061 1132 fossoreS,
2109 1051 2217 1117 die
2262 1053 2331 1115 et
2379 1055 2573 1115 nocte
2617 1071 2838 1115 muros
2881 1049 3035 1115 sub-

820 1156 831 1167 '
940 1155 1275 1220 fodientes,

652 1276 779 1339 ,nme
797 1280 860 1321 23.
1029 1257 1117 1322 In
1162 1258 1389 1324 eodem
1443 1279 1665 1323 mense
1709 1257 1756 1323 J
1762 1257 1924 1338 unii,
1971 1258 2077 1322 die
2122 1257 2484 1335 Dominica,
2529 1255 2762 1343 vigilia
2805 1255 3032 1321 Sancti
3062 1264 3261 1314 Hoveden.

600 1327 850 1422 fflffif's
937 1360 1265 1426 Johannis
1330 1361 1652 1447 Baptistae
1719 1359 2143 1438 Nativitaffis,
2200 1382 2388 1434 »ωηο
2454 1359 2772 1424 kalendas
2844 1357 3032 1437 sulii,
3056 1319 3256 1360 κω

936 1464 1100 1528 hora.
1144 1463 1280 1528 diei
1324 1464 1510 1548 quasi
1554 1484 1748 1541 nona,
1779 1462 1875 1527 sol
1922 1461 2217 1548 eclipsim
2260 1484 2487 1550 passus
2531 1467 2678 1542 est3
2722 1465 2791 1526 et
2837 1462 3034 1527 dura-

938 1565 1039 1630 vit
1085 1588 1202 1651 per
1261 1570 1396 1630 tres
1440 1565 1632 1629 horas
1661 1589 1678 1645 ;
1725 1569 1796 1629 et
1855 1564 2241 1629 obscuratus
2285 1569 2389 1629 est
2434 1564 2567 1643 Sol,
2614 1570 2684 1628 et
2743 1564 3034 1630 tenebrae

935 1667 1126 1733 factae
1186 1673 1344 1733 sunt
1419 1689 1616 1754 super
1697 1672 1958 1744 terram,
2020 1671 2090 1732 et
2148 1665 2358 1732 stellae
2433 1671 2883 1753 apparuerunt
2961 1668 3034 1731 in

937 1770 1113 1835 coelo,
1207 1770 1300 1834 Et
1345 1791 1495 1838 cum
1526 1767 1782 1856 eclipsis
1827 1768 2210 1849 recessisset,
2241 1767 2444 1834 rediit
2489 1768 2587 1834 sol
2631 1768 2703 1832 in
2739 1769 3034 1835 decorem

936 1872 1301 1960 splendoris
1348 1872 1468 1939 sui.

597 1984 696 2030 rho
713 1987 823 2031 cru-
1028 1975 1112 2039 In
1159 1975 1433 2041 civitate
1477 1975 1669 2041 Acrae
1738 1980 1884 2040 erat
1947 1975 2218 2060 quidam
2279 1973 2472 2039 homo
2535 1974 2678 2040 Deo
2739 1975 3036 2051 devotus,
3059 1991 3265 2041 amdan.

602 2037 763 2081 eadere
779 2038 894 2082 have
2831 2077 2847 2092 ,
3056 2048 3139 2089 395.
3152 2054 3190 2086 ι.
3203 2045 3256 2087 17.

598 2099 660 2130 nn
678 2089 911 2133 unknown
936 2077 1225 2143 occultus
1287 2083 1511 2143 tamen
1583 2083 1853 2163 propter
1926 2081 2181 2142 metum
2248 2098 2671 2163 paganorum,
2735 2099 2854 2162 qm
2912 2076 3037 2142 fre-

599 2139 751 2233 ffiffid
767 2140 818 2184 in
935 2186 1210 2266 quenter
1269 2180 1526 2246 litteras
1573 2201 1722 2244 suas
1781 2178 1955 2244 foras
2005 2178 2189 2244 misit
2247 2179 2321 2242 in
2380 2179 2703 2244 trahendo
2764 2201 2883 2266 per
2940 2202 3036 2244 sa-

935 2284 1157 2370 gittas,
1202 2305 1413 2369 usque
1460 2284 1547 2348 ad
1592 2284 1957 2348 exercitum
1992 2281 2541 2361 Christianorum,
2576 2284 2901 2348 mandans
2944 2283 3037 2349 eis

937 2391 1186 2452 statum
1233 2386 1527 2452 civitatis
1557 2391 1627 2450 et
1670 2406 2080 2472 paganorum
2109 2386 2558 2472 propositum:
2609 2386 2784 2452 unde
2817 2385 3038 2452 Chris-

937 2490 1106 2554 tiani
1174 2489 1416 2576 saepius
1430 2518 1444 2534 ·
1492 2488 1875 2576 praemuniti
1920 2501 2363 2575 'paganorum
2424 2488 2738 2554 vitabant
2801 2490 3038 2575 saepius

935 2591 1224 2656 insidias.
1319 2590 1469 2678 Ipse
1515 2591 1692 2655 enim
1737 2613 1994 2678 semper
2044 2590 2116 2654 in
2177 2589 2510 2657 mandatis
2556 2591 2694 2657 suis
2738 2591 3034 2679 impone-

934 2694 1054 2759 bat
1122 2703 1156 2728 “
1179 2694 1267 2759 In
1329 2694 1594 2759 nomine
1642 2692 1860 2759 Patris
1929 2699 1998 2758 et
2047 2691 2203 2757 Filii
2264 2699 2334 2758 et
2404 2693 2692 2781 Spiritus
2746 2693 3035 2760 Sancti.”

937 2796 1181 2860 Nullus
1227 2794 1490 2881 quidem
1541 2794 2072 2861 Christianorum
2130 2796 2323 2861 novit
2376 2818 2525 2862 eum
2571 2798 2678 2862 vel
2723 2802 2884 2863 ante
2928 2797 3037 2862 vel

935 2904 1084 2986 post
1130 2897 1425 2964 civitatis
1472 2898 1858 2986 captionem.

602 3019 700 3062 ‘rho
717 3020 879 3063 crusn-
1027 3001 1277 3066 Eodem
1353 3022 1573 3065 mense
1649 3000 1696 3065 J
1699 3002 1862 3081 unii,
1935 3000 2299 3068 Christiani
2383 3025 2687 3089 magnam
2774 3008 3033 3091 partem
3057 3019 3268 3069 novom.

602 3072 707 3112 ders
724 3070 792 3113 fill
809 3083 874 3122 up
3056 3078 3190 3119 305.ae
3204 3074 3260 3115 ffi-

601 3120 874 3214 fficffggg
937 3103 1165 3168 fossati
1224 3102 1669 3188 impleverunt
1685 3129 1703 3185 ;
1758 3105 1937 3189 quod
2004 3126 2153 3169 cum
2215 3106 2458 3193 pagani
2527 3107 2641 3193 qui
2708 3112 2903 3173 erant
2960 3108 3033 3172 in

602 3220 915 3313 gggrbgiesed
939 3206 1214 3271 civitate
1291 3205 1627 3283 vidissent,
1706 3206 2093 3273 obtulerunt
2167 3209 2430 3296 regibus
2509 3209 3033 3277 Christianorum

601 3322 789 3366 submit.
939 3308 1284 3374 civitatem
1347 3308 1555 3387 Acrae,
1622 3331 1773 3374 cum
1833 3310 2032 3375 armis
2092 3315 2162 3376 et
2223 3311 2622 3377 victualibus
2686 3334 2932 3394 eorum,
2978 3313 3035 3379 si

940 3412 1310 3478 dimiserint
1357 3434 1464 3477 eos
1510 3432 1660 3477 cum
1707 3412 1855 3479 vita
1900 3421 1970 3478 et
2022 3414 2336 3480 membris
2379 3413 2602 3481 abire:
2648 3416 2761 3482 sed
2806 3416 3033 3483 nolue-

937 3522 1098 3582 runt
1141 3538 1323 3603 reges
1368 3514 1656 3604 recipere
1700 3516 2053 3603 petitiones
2099 3539 2339 3584 eorum.

1561 3774 1888 3865 Robertm
1930 3773 2010 3841 de
2057 3774 2417 3843 Tornham.

601 3948 882 4044 &gaggan
1031 3930 1280 3997 Eodem
1357 3953 1578 3998 mense
1645 3932 1692 3997 J
1694 3934 1841 3998 unii
1903 3932 2223 4000 Ricardus
2292 3935 2375 4001 de
2437 3934 2778 4013 Camvilla,
2841 3958 3033 4023 quem
3058 3952 3273 4052 gauf?

601 4051 831 4095 camvme.
940 4055 1059 4099 rex
1103 4056 1311 4100 unum
1373 4035 1455 4100 de
1496 4035 1884 4121 justitiariis
1942 4037 2380 4103 constituerat
2447 4038 2522 4104 in
2567 4035 2808 4126 Cypra,
2856 4040 3037 4104 infir-

940 4136 1260 4217 mabatur,
1317 4143 1390 4204 et
1447 4139 1588 4203 sine
1653 4139 1922 4205 licentia,
1984 4140 2158 4227 regis
2218 4140 2406 4207 venit
2474 4139 2561 4206 ad
2624 4141 3035 4209 obsidionem

602 4260 642 4303 A
660 4261 806 4335 revqlt
825 4264 878 4326 ρι’
939 4240 1145 4320 Acrae,
1194 4246 1264 4306 et
1314 4241 1410 4306 ibi
1468 4247 1768 4308 mortuus
1833 4248 1950 4307 est.
2065 4242 2213 4323 Quo
2259 4243 2570 4309 defuncto
2617 4244 2924 4313 Grifones
2965 4250 3036 4311 et

603 4313 690 4455 gisi
702 4313 914 4407 &532⁰ss
941 4343 1275 4409 Herminii
1322 4344 1436 4430 qui
1482 4345 1570 4409 ad
1629 4367 1857 4433 pacem
1917 4346 2089 4432 regis
2157 4348 2455 4412 nondum
2500 4354 2839 4429 venerant,
2884 4371 3035 4415 con·

602 4413 860 4510 arom-t
937 4447 1298 4513 stituerunt
1361 4447 1490 4512 sibi
1563 4469 1814 4514 novum
1888 4448 2351 4535 imperatorem
2414 4450 2747 4537 quendam
2807 4475 3036 4519 mona-

938 4551 1152 4630 chum,
1185 4550 1739 4637 consanguineum
1786 4550 1999 4616 Ysaac
2043 4552 2478 4639 imperatoris,
2567 4552 2660 4620 Et
2707 4554 3036 4621 Robertus

939 4654 1021 4718 de
1064 4653 1415 4732 Tornham,
1464 4654 1580 4740 qui
1639 4653 1815 4719 solus
1880 4656 2203 4720 remansit
2258 4655 2669 4743 justitiarius
2727 4658 2901 4746 regis
2958 4659 3033 4723 in

943 4755 1181 4843 Cypra,
1227 4761 1618 4844 congregato
1671 4778 1910 4844 magno
1970 4758 2282 4840 exercitu,
2329 4760 2632 4847 praelium
2699 4761 3031 4828 commisit
