3585 5863
256 1055 477 1108 How-den.

256 1110 340 1151 «m.
357 1109 400 1151 b.
412 1112 476 1154 49.

220 4220 450 4273 Hoveden,

219 4275 302 4317 ὥς».
315 4285 357 4316 a.
373 4276 415 4320 7.

1471 872 1773 922 RIGARDI.
2544 861 2675 932 197

573 1048 775 1126 caput
818 1063 1012 1106 suum
1080 1042 1153 1107 in
1197 1043 1412 1122 undis,
1460 1050 1529 1110 et
1588 1045 1799 1110 cauda
1859 1046 1998 1130 ejus
2044 1046 2308 1112 videtur
2350 1043 2528 1132 quod
2571 1046 2672 1111 in·
2725 1057 2838 1102 Aa).
2854 1061 2971 1104 1191.

569 1141 708 1206 fixa
781 1143 871 1208 sit
944 1143 1151 1210 coelo:
1230 1159 1300 1210 et
1368 1145 1562 1211 draco
1635 1146 1747 1211 ille
1813 1147 2099 1213 attrahit
2164 1148 2252 1213 ad
2319 1169 2389 1213 se
2456 1149 2670 1214 undas
2692 1125 2895 1237 ngsshli?
2914 1135 2978 1171 ψ’

2689 1239 2885 1280 amount
2902 1240 2954 1281 of
2973 1251 3001 1283 a

571 1243 933 1310 hauriendo
997 1269 1145 1312 cum
1209 1251 1403 1313 tanta
1468 1248 1814 1327 aviditate,
1862 1248 2040 1335 quod
2094 1250 2150 1314 si
2196 1251 2390 1315 navis
2450 1249 2670 1337 aliqua
2690 1288 2971 1340 „ml-spon„

567 1345 768 1412 fuerit
835 1369 1036 1435 prope
1101 1348 1415 1415 haustum
1481 1350 1691 1430 illum,
1758 1352 1964 1417 etiam
2028 1351 2085 1416 si
2150 1352 2354 1418 fuerit
2429 1358 2671 1418 onusta
2690 1334 2742 1430 {J}
2758 1337 2839 1431 ἓξ
2894 1340 2959 1401 ·¹‘

565 1448 731 1513 viris
775 1449 882 1514 vel
943 1451 1351 1537 quibuslibet
1414 1452 1563 1517 aliis
1624 1445 2022 1538 ponderosiS‚
2071 1457 2297 1518 tamen
2360 1453 2670 1520 hauritur

567 1556 637 1615 et
680 1551 973 1617 defertur
1016 1554 1089 1618 in
1133 1554 1429 1620 sublime.
1510 1554 1825 1620 Volentes
1869 1559 2096 1619 autem
2136 1556 2502 1642 periculum
2546 1556 2671 1623 hoc

567 1651 879 1733 devitare,
928 1659 1190 1742 oportet
1234 1657 1412 1742 quod
1460 1677 1608 1721 cum
1653 1656 1867 1742 primo
1911 1655 2081 1721 illud
2125 1656 2375 1736 vident,
2419 1658 2669 1724 faciant

566 1755 945 1836 tumultum,
993 1763 1061 1822 et
1105 1758 1529 1823 clamationes
1573 1758 1742 1823 altas
1788 1764 1858 1823 et
1901 1759 2156 1824 sonitus
2200 1780 2491 1844 magnos,
2523 1782 2669 1846 per-

567 1857 889 1924 cutientes
932 1860 1006 1925 in
1050 1860 1335 1926 tabulis:
1386 1874 1466 1925 ut
1510 1881 1658 1924 cum
1705 1860 1899 1925 draco
1928 1860 2040 1925 ille
2086 1861 2375 1927 audierit
2419 1863 2666 1927 tumul-

567 1965 713 2025 tum
758 1967 827 2028 et
871 1982 1062 2044 voces
1122 1963 1567 2041 clamantium,
1617 1962 1879 2049 elonget
1924 1984 1994 2028 se
2039 1964 2123 2028 ab
2177 1963 2286 2029 eis.
2381 1962 2666 2044 Quidam

562 2067 787 2128 autem
850 2064 1100 2145 dicunt,
1148 2066 1327 2151 quod
1388 2065 1513 2130 hoc
1578 2086 1715 2130 non
1780 2069 1883 2130 est
1949 2065 2144 2130 draco
2207 2065 2322 2131 sed
2384 2064 2483 2131 sol
2550 2066 2668 2152 qui

561 2165 845 2232 attrahit
890 2188 1094 2252 aquas
1139 2167 1339 2231 maris
1384 2168 1471 2232 ad
1514 2188 1599 2243 se,
1646 2167 1823 2252 quod
1867 2166 2017 2254 plus
2060 2189 2292 2232 verum
2338 2167 2620 2233 videtur.

650 2267 909 2333 Deinde
931 2266 958 2306 ¹
1002 2290 1152 2333 cum
1210 2290 1330 2333 rex
1378 2268 1676 2335 Franciae
1734 2270 2102 2335 recessisset
2160 2268 2246 2335 ab
2291 2269 2524 2335 insulis
2581 2270 2665 2335 de
2686 2286 2841 2340 thp

565 2367 711 2444 Yse,
758 2369 916 2436 fecit
983 2372 1344 2437 transitum
1410 2394 1526 2458 per
1588 2375 1883 2437 montem
1946 2371 2294 2449 excelsum,
2347 2372 2420 2436 in
2477 2372 2663 2458 cujus
2683 2349 2877 2441 {mutar-9⁹³

562 2472 943 2539 summitate
987 2473 1121 2538 sita
1165 2478 1267 2539 est
1314 2473 1553 2539 Patera
1596 2473 1852 2553 civitas,
1886 2473 1959 2537 in
2004 2494 2137 2559 qua
2178 2478 2376 2538 natus
2419 2472 2549 2538 fuit
2592 2479 2663 2539 et

562 2574 682 2638 diu
727 2580 1150 2640 conversatus
1194 2574 1430 2640 beatus
1471 2574 1539 2638 N
1540 2574 1849 2640 icholaus.
2412 2576 2423 2584 ’

655 2675 822 2741 Inde
852 2677 1172 2743 transivit
1215 2699 1334 2763 per
1377 2683 1670 2742 montem
1700 2676 1897 2741 valde
1941 2675 2286 2755 excelsum,
2320 2677 2435 2762 qui
2462 2682 2663 2763 caput
2683 2699 2767 2743 tho
2783 2699 2904 2792 capo

563 2777 808 2844 dicitur
852 2779 1141 2856 Turkiae,
1187 2780 1343 2865 quia
1387 2779 1439 2843 ii
1487 2779 1601 2865 qui
1645 2779 1926 2844 veniunt
1971 2778 2052 2843 de
2098 2777 2360 2864 Apulia,
2406 2783 2475 2843 et
2518 2801 2662 2845 cur·
2683 2749 2844 2794 “Tm
2875 2762 2945 2804 ‘'³'‘

560 2902 709 2946 sum
754 2901 947 2946 suum
994 2881 1066 2946 in
1094 2881 1211 2947 illa
1260 2886 1448 2969 parte
1489 2881 1689 2946 maris
1732 2884 1980 2960 tenent,
2013 2883 2084 2946 et
2128 2880 2664 2968 appropinquant

563 2983 851 3061 Turkiae,
897 2984 1111 3070 primo
1157 2985 1391 3049 vident
1435 2989 1727 3048 montem
1772 2982 1963 3048 illum
2008 2982 2121 3069 qui
2170 2983 2412 3048 dicitur
2442 2981 2663 3070 Caput

560 3083 876 3152 Turkiae.²
965 3086 1220 3171 Estque
1265 3086 1480 3152 divisa
1522 3087 1700 3152 inter
1742 3092 1984 3151 terram
2029 3084 2443 3172 imperatoris
2489 3085 2662 3151 Con-

558 3188 1054 3274 stantinopolis,
1088 3193 1159 3254 et
1209 3195 1454 3255 terram
1519 3188 1795 3254 Soldan‘i
1846 3187 1931 3252 de
1976 3186 2259 3252 Yconio:
2307 3194 2377 3253 et
2421 3187 2661 3253 exinde

558 3290 798 3376 incipit
846 3289 1180 3355 Rumania
1213 3313 1371 3379 „quse
1417 3291 1662 3356 dicitur
1707 3290 1974 3356 Graecia.

647 3392 819 3457 Tota
863 3393 1197 3458 Rumania
1260 3398 1440 3459 terra
1497 3394 1690 3457 firma
1756 3398 1873 3469 est,
1920 3397 1988 3457 et
2050 3397 2150 3458 est
2213 3392 2295 3455 de
2363 3391 2656 3456 dominio
2679 3418 2964 3513 ffigtiigffigs

555 3494 974 3581 imperatoris
1058 3494 1687 3581 Constantinopolis,
1756 3499 1825 3559 et
1884 3493 2116 3558 multae
2190 3493 2423 3559 insulse
2496 3499 2731 3563 suntor
2752 3520 2990 3567 Romula.

553 3598 629 3661 in
673 3596 843 3662 mari
876 3596 1126 3675 Graeoe,
1153 3620 1300 3684 quae
1347 3597 1663 3662 dicuntur
1706 3595 1942 3660 insulae
1988 3594 2354 3660 Rumaniae.
2439 3594 2657 3681 Caput

556 3698 923 3776 Rumaniae,
994 3704 1096 3763 est
1159 3700 1397 3765 civitas
1468 3695 2119 3781 Constantinopolis3
2188 3701 2258 3761 et
2326 3696 2658 3779 Rumania

545 3801 858 3888 jungitur
902 3802 1266 3868 Sclavoniae
1333 3807 1402 3866 et
1464 3799 1831 3886 Hungariae
1894 3804 1963 3864 et
2011 3798 2243 3864 Istriae.
2334 3797 2421 3861 In
2486 3799 2657 3862 mari

555 3904 803 3982 GraecO,
867 3909 946 3970 ut
1013 3904 1265 3969 dictum
1328 3908 1445 3980 est,
1512 3907 1669 3966 sunt
1730 3900 1968 3966 insulae
2032 3899 2281 3978 multae,
2326 3898 2452 3964 etsi
2518 3920 2653 3964 non

554 4006 779 4070 omnia
822 4007 1198 4071 scribantur
1240 4007 1315 4070 in
1361 4006 1531 4070 libro
1562 4001 1724 4069 hoc.³
1818 4003 2071 4068 Tamen
2119 4009 2155 4038 “
2178 4008 2280 4068 est
2323 3996 2656 4087 quoddam

554 4115 592 4142 “
638 4108 898 4193 prodire
942 4113 1138 4174 tenus
1181 4107 1239 4172 si
1283 4128 1420 4172 non
1466 4107 1663 4171 datur
1705 4104 1940 4172 ultra.’'

644 4209 709 4274 N
714 4211 938 4276 omina
996 4214 1222 4275 autem
1271 4208 1682 4295 quarundam
1744 4206 2213 4293 principalium
2282 4205 2652 4271 insularum
2675 4225 2825 4279 crete,

551 4316 714 4377 sunt
757 4312 900 4379 haec
927 4310 982 4393 34
1026 4311 1243 4377 insula
1288 4313 1368 4377 de
1400 4310 1602 4378 Creta
1645 4331 1795 4396 quae
1840 4329 2080 4395 magna
2111 4311 2213 4373 est
2258 4312 2328 4373 et
2370 4307 2646 4373 fertilis:

1037 4452 1048 4453 ἶ
1063 4448 1192 4457 -.--
1261 4448 1538 4455 -0.-.-—————-
1597 4449 1696 4454 0—--

624 4517 640 4550 ¹
676 4518 926 4569 Hoveden
950 4520 1188 4582 proceeds
1211 4532 1267 4567 as
1289 4517 1337 4565 if
1348 4516 1558 4582 making
1714 4514 1736 4547 ⁴
1771 4513 1996 4563 “Insula
2030 4512 2238 4576 Siciliae,
2273 4486 2385 4577 qum
2408 4518 2487 4562 est
2519 4512 2653 4577 regis

555 4614 623 4649 an
645 4604 857 4661 extract,
884 4602 913 4625 “
935 4597 1173 4661 Sequitur
1194 4595 1357 4656 cum,'’
1383 4597 1473 4646 &c.
1651 4598 1682 4623 “
1706 4592 1948 4656 Sieiliae,”
1983 4591 2097 4642 MS.
2122 4591 2387 4652 Hoveden,
2402 4592 2652 4657 wrongly,

621 4676 644 4708 ²
682 4679 800 4739 qnia
837 4715 849 4727 .
886 4714 899 4727 .
937 4714 949 4727 .
995 4675 1220 4742 Turkioe]
1258 4691 1354 4725 om.
1378 4674 1448 4725 H.
1652 4690 1706 4725 as
1729 4673 1815 4724 the
1837 4670 2069 4737 question
2092 4670 2137 4721 is
2158 4671 2219 4721 of
2247 4671 2442 4723 islanda
2475 4670 2531 4720 in
2565 4671 2651 4721 the

619 4756 643 4787 ³
678 4757 742 4807 In
765 4757 892 4806 mari
926 4793 940 4804 .
979 4793 991 4805 .
1029 4794 1040 4806 .
1076 4754 1191 4821 hoc]
1231 4770 1329 4805 om.
1355 4753 1423 4804 H.
1655 4751 1827 4805 Greek
1850 4766 1936 4802 sea
2030 4808 2035 4813 ,
