3585 5863
1046 870 1176 934 244
1857 883 2070 933 essm
2116 883 2316 934 Rso1s

748 1061 859 1106 A-D·
873 1064 990 1107 11⁹2.
1042 1061 1081 1087 ‘⁶
1114 1058 1360 1131 'precum
1414 1059 1717 1129 regiarum
1778 1058 2115 1115 instantiam
2176 1058 2544 1123 contulisset,
2610 1064 2672 1114 et
2728 1058 2899 1114 vobis
2962 1058 3130 1114 etiam
3153 1058 3346 1110 umnam.

706 1174 783 1218 H„
797 1187 885 1219 00„
1039 1146 1078 1171 “
1116 1142 1577 1215 supplicantibus
1636 1159 1773 1198 cum
1831 1143 2203 1215 pontificibus
2263 1143 2503 1215 Anglioe
2576 1143 2893 1198 universis.
2992 1143 3129 1197 Eam
3153 1112 3344 1157 m'b‘u’

706 1225 862 1269 tinum
875 1226 962 1270 the
1041 1230 1081 1256 “
1116 1238 1312 1284 tamen
1344 1228 1698 1300 legationem
1733 1228 1981 1299 protulit
2017 1225 2453 1300 exsequendam
2491 1226 2601 1282 sub
2649 1227 2760 1282 hac
2795 1227 3129 1298 exceptione

705 1326 789 1370 tho
804 1326 943 1371 ohan·
1043 1313 1082 1339 “
1120 1312 1366 1385 adjecta,
1407 1310 1562 1385 quod
1613 1310 1740 1382 ipse
1788 1310 2169 1367 interdictum
2206 1310 2306 1366 vel
2344 1310 2745 1384 suspensionis
2780 1311 2881 1368 vel
2919 1329 3130 1368 excom·

707 1409 886 1471 forbids
900 1428 1000 1472 him
1043 1397 1083 1423 “
1120 1396 1526 1452 manicationis
1562 1395 1912 1452 sententiam
1950 1394 2311 1467 proferendi,
2347 1395 2413 1450 in
2446 1412 2575 1460 vos,
2619 1394 2720 1450 vel
2755 1395 2820 1451 in
2856 1395 3132 1451 decanum

703 1480 757 1521 to
771 1490 946 1523 exoom-
1044 1483 1083 1508 “
1121 1479 1696 1552 Bothomagensem,¹
1728 1479 1827 1535 vel
1878 1479 2184 1552 episcopos
2220 1478 2462 1550 Anglioe
2496 1479 2595 1535 vel
2629 1478 3009 1551 justitiarios,
3045 1479 3130 1536 vel

746 1591 809 1635 χο,
823 1594 903 1636 18⁶
916 1599 976 1637 ρ,
1044 1566 1084 1592 “
1122 1570 1440 1637 magnates,
1464 1564 1688 1620 nullam
1710 1563 1925 1619 habeat
1945 1567 2313 1634 potestatem.
2390 1562 2577 1634 Cujus
2600 1563 3132 1637 interpretationem

705 1653 790 1697 the
807 1653 939 1698 aroh-
1044 1650 1083 1676 “
1122 1648 1424 1705 sententiae
1483 1666 1588 1704 vos
1647 1646 1953 1703 habituros
2025 1647 2374 1702 confidimus
2434 1646 2753 1712 utiliorem,
2826 1648 3132 1704 verborum

704 1753 788 1798 the
801 1754 983 1800 bueus.
1043 1734 1082 1761 “
1122 1732 1329 1789 faciem
1363 1732 1532 1788 vobis
1568 1732 1630 1787 in
1665 1731 1813 1803 ipsis
1836 1748 2003 1803 papae
2028 1730 2245 1787 litteris
2279 1732 2751 1787 transmissuros.
2824 1731 3133 1787 Sententiae

1044 1817 1085 1843 “
1120 1834 1262 1872 vero
1284 1815 1719 1887 praenominatoe
1754 1813 1990 1885 adjecit,
2030 1814 2188 1886 quod
2221 1814 2470 1871 oonsilio
2512 1814 2903 1870 cardinalium
2938 1832 3133 1870 convo·

1044 1902 1083 1928 “
1121 1905 1269 1966 cato,
1294 1904 1610 1970 nostroque
1646 1897 1931 1963 adhibito,
1970 1903 2032 1953 et
2070 1898 2421 1954 nunciorum
2457 1897 2683 1955 domini
2705 1897 2989 1963 liniensis,
3012 1915 3131 1970 per·

1041 1985 1083 2012 “
1122 2000 1291 2039 sonas
1325 1983 1690 2041 venerabiles
1726 1980 1791 2036 in
1824 1981 2041 2037 vestris
2079 1981 2344 2053 partibus
2380 1981 2733 2053 providebit,
2769 1980 2991 2051 quibus
3022 1998 3133 2036 me-

706 2074 1017 2123 Hevmsend
1043 2070 1083 2096 “
1122 2067 1418 2125 diantibus
1453 2067 1608 2123 inter
1656 2083 1760 2122 vos
1812 2071 1874 2121 et
1920 2065 2224 2121 dominum
2259 2065 2677 2121 cancellarium
2712 2065 2906 2137 possit
2937 2083 3046 2137 pax
3077 2071 3133 2119 et

704 2175 745 2219 B
934 2180 987 2223 to
1042 2153 1082 2179 “
1120 2150 1429 2207 concordia
1461 2150 1790 2215 reformari,
1832 2148 2044 2205 saltem
2082 2154 2367 2220 quantum
2402 2148 2480 2205 ad
2513 2153 2786 2205 mutuum
2835 2165 3130 2204 rancorem

1041 2238 1080 2263 ‘⁴
1120 2235 1306 2290 animi
1339 2233 1777 2290 remittendum.
1851 2232 1926 2289 In
1959 2232 2140 2305 hujus
2177 2239 2376 2289 autem
2409 2232 2852 2288 deliberationis
2888 2238 3129 2288 tractatu

1041 2321 1080 2347 “
1119 2323 1180 2375 et
1212 2318 1509 2391 praedictoe
1555 2318 1745 2373 forma
1776 2316 2098 2383 sententioe,
2154 2333 2253 2372 eas
2288 2315 2548 2389 profecto
2582 2315 2879 2372 credimus
2913 2333 2986 2370 ex
3018 2320 3132 2370 toto

1042 2405 1083 2430 ‘⁶
1120 2402 1348 2458 litteras
1401 2400 1796 2467 revocandam
1844 2418 1976 2473 quae
2026 2418 2163 2456 oum
2214 2406 2413 2457 essent
2461 2399 2750 2473 episcopis
2802 2400 2988 2455 totius
3021 2401 3130 2453 An-

1042 2489 1081 2515 “
1119 2486 1258 2559 gliae
1293 2485 1618 2551 destinatae,
1658 2491 1857 2541 tamen
1891 2485 2194 2541 occasione
2236 2484 2500 2556 ipsarum
2547 2482 2707 2539 idem
2752 2482 3129 2539 cancellarius

1042 2571 1082 2598 ‘⁸
1118 2587 1225 2627 vos
1260 2588 1397 2626 cum
1430 2570 1634 2626 multis
1671 2568 1809 2625 aliis
1844 2567 2457 2624 excommunicationis
2492 2567 2729 2624 vinculo
2762 2567 3130 2623 denunciavit

1039 2656 1082 2683 ‘⁸
1120 2655 1411 2711 astrictos.
1488 2653 1680 2726 Super
1716 2670 1836 2723 qua
1869 2658 2068 2708 tamen
2103 2651 2549 2708 denunciatione
2585 2668 2723 2707 cum
2757 2668 2867 2706 nos
2904 2650 3128 2706 domino

1040 2738 1083 2767 “
1118 2755 1285 2810 papie
1337 2738 1414 2794 ad
1460 2737 1805 2794 mandatum
1856 2735 2080 2792 domini
2129 2735 2622 2808 Rothomagensis
2675 2734 2883 2790 decani
2933 2752 3127 2807 propo—

702 2803 1000 2900 fflfflethe
1038 2823 1082 2850 “
1120 2823 1446 2878 suissemus
1469 2821 1789 2893 querelam,
1817 2820 2012 2892 palam
2035 2819 2098 2874 in
2120 2820 2482 2886 consistoriO,
2509 2836 2707 2875 coram
2741 2819 3126 2875 cardinalibus

704 2905 868 2950 latta-n
914 2906 999 2952 ub-
1050 2906 1090 2931 “
1127 2904 1424 2962 universis
1485 2912 1548 2962 et
1606 2903 1844 2977 populo,
1899 2903 2072 2960 lectis
2149 2902 2371 2960 eisdem
2431 2903 2652 2960 litteris
2709 2908 2773 2960 et
2831 2903 3124 2976 inspectis,

703 3006 787 3050 tho
803 2970 969 3061 διώξῃ
1041 2991 1081 3017 “
1119 2995 1405 3060 quantum
1425 2994 1786 3061 protestatus
1823 2994 1916 3044 est
1948 3006 2093 3044 voce
2130 3005 2329 3044 coram
2364 2988 2634 3044 omnibus
2671 2988 2945 3054 exaltata,
2983 2987 3126 3060 quod

700 3058 757 3100 ⁰¹
767 3056 868 3109 ¹³¹5·
1041 3074 1081 3100 “
1114 3089 1415 3144 nunquam
1467 3072 1765 3144 praedictae
1819 3071 2036 3128 h'tterae
2088 3089 2125 3127 a
2159 3072 2514 3128 conscientia
2547 3071 2677 3142 ejus
2712 3070 3006 3142 originem
3035 3071 3128 3126 hm

1040 3157 1081 3183 ‘⁶
1115 3154 1390 3220 buerunt,
1428 3160 1587 3211 ooetu
1639 3154 2028 3210 cardinalium
2076 3154 2150 3210 de
2187 3172 2251 3211 se
2288 3155 2352 3210 id
2387 3154 2543 3210 idem
2581 3172 2717 3210 cum
2752 3154 3126 3211 admiratione

1040 3241 1079 3266 “
1116 3238 1374 3312 plurima
1394 3238 1811 3310 proclamante.
1888 3238 1967 3294 Et
1989 3256 2125 3294 cum
2159 3239 2362 3294 nuncii
2383 3239 2640 3295 Eliensis
2675 3239 2938 3311 episcopi
2972 3256 3126 3311 papae

1039 3324 1079 3350 “
1117 3321 1546 3378 instantissime
1581 3321 1990 3387 reclamarent,
2026 3322 2251 3378 nemini
2287 3339 2489 3380 aurem
2524 3322 2841 3394 propitiam
2875 3322 2974 3379 vel
3013 3323 3126 3378 fau-

1002 3465 1009 3470 ,
1040 3407 1079 3432 ‘⁶
1117 3405 1327 3461 tricem
1361 3403 1670 3477 impendit.
1745 3403 2019 3460 Valete.''
2460 3433 2465 3438 ·

702 3550 800 3646 3¹⁶
814 3551 980 3647 ¹²¹2¹²⁰¹³
1126 3534 1213 3600 In
1254 3539 1447 3600 nocte
1491 3534 1794 3620 sequenti
1854 3539 2182 3600 venerunt
2240 3534 2464 3600 nuncii
2510 3531 2793 3602 Eliensis
2851 3535 3125 3624 episcopi
3143 3544 3334 3642 m

702 3664 818 3705 *sen
878 3666 947 3699 re-
1035 3636 1125 3703 ad
1167 3637 1508 3703 dominum
1550 3658 1812 3724 papam,
1842 3642 1912 3702 et
1949 3637 2386 3723 exprobantes
2413 3637 2593 3704 illius
2621 3639 3124 3705 inconstantiam
3143 3646 3303 3691 the-¹⁸⁸·

703 3706 960 3800 223⁸&oe
1037 3740 1373 3821 dixerunt,
1423 3745 1460 3775 “
1479 3738 1848 3824 Nunquam
1892 3738 2277 3826 putavimus
2322 3760 2407 3805 ex
2450 3762 2560 3806 ore
2603 3747 2829 3807 vestro
2873 3741 3122 3807 audisse

701 3815 818 3900 5¹³3?
833 3806 907 3850 ὀἳ
1038 3847 1078 3879 “
1122 3841 1298 3928 quod
1374 3841 1475 3907 ita
1546 3841 1970 3928 impudenter
2057 3841 2389 3929 negaretis
2476 3841 2727 3909 factum
2817 3849 3122 3910 vestrum.

1034 3952 1070 3982 “
1114 3943 1357 4009 Nonne
1447 3941 1889 4009 confirmastis
1965 3943 2365 4009 sententiam
2439 3945 3124 4011 excommunicationis

1034 4056 1067 4082 “
1113 4068 1317 4133 quam
1354 4043 1664 4111 dominus
1692 4044 1977 4110 Eliensis
2022 4044 2379 4133 episcopus,
2412 4043 2692 4112 devotus
2735 4046 2913 4113 filius
2953 4055 3120 4123 tuus,

1035 4155 1072 4186 “
1116 4155 1186 4215 et
1248 4147 1563 4214 Romanae
1594 4139 1911 4213 ‘eeclesiae
1973 4152 2043 4212 et
2104 4154 2346 4230 vester,
2391 4148 2579 4214 dedit
2637 4150 2712 4214 in
2773 4149 3122 4216 Rothoms-

1033 4255 1071 4287 “
1111 4271 1379 4338 gensem
1424 4248 1981 4336 archiepiscopum
2025 4254 2097 4316 et
2140 4251 2487 4338 complices
2531 4273 2700 4330 suos,
2744 4253 2862 4338 qui
2905 4252 2979 4317 in
3018 4252 3122 4316 de·

1033 4359 1071 4391 “
1105 4353 1465 4440 jectionem
1509 4350 1688 4417 illius
1732 4351 2080 4417 unanimes
2124 4352 2542 4434 exstiterant,
2571 4356 2641 4420 et
2681 4354 2950 4421 litteras
2981 4374 3121 4419 ves-

1032 4463 1069 4494 “
1113 4461 1253 4521 tras
1298 4454 1801 4542 archiepiscopis
1845 4461 1915 4521 et
1958 4453 2274 4543 episcopis
2304 4456 2567 4543 Angliae
2612 4456 2771 4524 inde
2815 4456 3120 4522 misistis?

1036 4566 1071 4595 “
1117 4557 1298 4639 Quid
1372 4579 1526 4645 ergo
1601 4557 1675 4623 in
1739 4579 1892 4622 eum
1958 4556 2294 4645 displicuit
2364 4559 2772 4646 paternitati
2842 4559 3120 4626 vesu-nez

1033 4669 1070 4697 “
1115 4661 1259 4726 Aut
1321 4660 1471 4746 quis
1538 4681 1659 4726 vos
1720 4658 2005 4738 seduxit,
2052 4666 2130 4726 ut
2190 4661 2290 4726 ita
2333 4660 2554 4748 palam
2597 4660 2672 4726 in
2715 4658 3117 4736 consistorio,

1036 4805 1105 4812 ..ο
1939 4807 2064 4813 ο---
2083 4805 2272 4814 —0———0-
2287 4808 2348 4813 -—
2369 4808 2420 4813 --x
2445 4808 2474 4813 --
2499 4809 2522 4813 .-
2543 4807 2690 4815 ...-,.-.
2739 4809 2746 4812 -
2763 4806 2896 4814 ..φ-μ

1508 4807 1655 4814 Ἠ*

1455 4873 1470 4906 ¹
1506 4873 1649 4926 John
1673 4874 1734 4926 of
1759 4873 2054 4938 Coumces,
2081 4875 2391 4927 archdeaeon
2412 4875 2472 4926 of
2492 4875 2708 4928 Oxford.
