3585 5863
558 1074 670 1119 A.D.
689 1077 805 1120 1190.

525 1187 625 1232 The
640 1187 779 1241 king-s

525 1250 654 1282 come
670 1240 723 1281 to

524 1288 680 1383 ξω
603 1350 679 1382 ere
695 1339 778 1383 the

525 1389 696 1483 bem

529 2007 686 2059 Philip
702 2020 810 2060 goes

530 2059 777 2153 sm
753 2111 806 2152 ω

530 2158 801 2205 Max-seme·-
856 2196 1000 2281 jam
1047 2199 1319 2283 propter
1361 2196 1626 2281 longam
1670 2214 1926 2258 moram
1979 2213 2179 2276 quam
2235 2191 2333 2257 ibi
2396 2191 2705 2273 fecerant,
2749 2196 2973 2257 totum

866 885 996 949 112
1678 892 1894 943 amu
1938 893 2143 943 nzcls

954 1072 1212 1138 Deinde
1257 1071 1561 1159 praedicti
1606 1070 1741 1136 duo
1785 1089 1974 1155 reges
2008 1072 2464 1155 processerunt
2508 1089 2657 1133 cum
2702 1067 2975 1133 familiis
2998 1077 3233 1130 Hoveden.

864 1174 1004 1239 suis
1049 1174 1220 1241 inde.
1331 1174 1425 1238 Et
1489 1195 1636 1237 cum
1703 1171 2042 1236 venissent
2109 1170 2195 1235 ad
2259 1171 2608 1235 civitatem
2671 1170 2973 1235 Leonum
2996 1130 3227 1248 ’ἔῃ

864 1298 1064 1363 supra
1124 1276 1492 1351 Rodanum,
1557 1278 1626 1339 et
1677 1273 1804 1359 ipsi
1850 1294 2001 1337 cum
2046 1272 2292 1358 majore
2335 1277 2528 1358 parte
2571 1271 2971 1337 familiarum
2994 1249 3084 1298 ω’
3099 1250 3163 1292 ¹⁸*

864 1400 1132 1443 suarum
1198 1383 1472 1464 pontem
1542 1375 1806 1440 Rodani
1855 1374 2319 1461 praeterissent,
2367 1395 2531 1460 pons
2576 1374 2688 1439 ille
2735 1374 2974 1440 cecidit

864 1502 996 1547 non
1043 1481 1186 1546 sine
1229 1479 1500 1545 laesione
1546 1478 1842 1543 virorum
1886 1498 1962 1541 ac
2004 1476 2370 1541 mulierum.
2464 1475 2721 1542 Ibidem
2767 1476 2974 1542 etiam

864 1582 1131 1670 praefati
1171 1602 1358 1668 reges
1404 1580 1607 1645 divisi
1669 1583 1829 1643 sunt
1891 1578 1976 1643 ab
2040 1576 2326 1645 invicem
2385 1583 2653 1665 propter
2695 1578 2973 1642 nimiam

863 1688 1210 1753 hominum
1254 1687 1510 1773 copiam
1561 1684 1983 1770 sequentium
2045 1683 2246 1764 illos;
2312 1705 2487 1749 unus
2549 1684 2728 1748 enim
2789 1685 2974 1749 locus

866 1811 975 1855 eos
1020 1810 1250 1875 capere
1299 1809 1437 1853 non
1478 1787 1717 1873 potuit.
1828 1786 1977 1850 Rex
2037 1806 2196 1850 vero
2261 1784 2559 1851 Franciae
2622 1807 2773 1850 cum
2834 1786 2973 1850 suis

866 1891 1159 1978 perrexit
1202 1911 1412 1976 usque
1464 1890 1551 1955 ad
1612 1888 1893 1965 Genqu,
1940 1892 2009 1952 et
2054 1886 2152 1952 ibi
2195 1908 2400 1952 naves
2444 1886 2741 1952 ascendit
2782 1886 2830 1951 J
2831 1909 2974 1952 ero-

867 1993 1166 2058 solimam
1212 1992 1443 2057 iturus.
1537 1991 1683 2056 Rex
1726 1994 1953 2054 autem
1998 1988 2264 2075 Angliae
2308 2010 2459 2054 cum
2502 1988 2638 2053 suis
2681 1989 2971 2075 perrexit

867 2116 1074 2179 usque
1120 2094 1206 2158 ad
1252 2092 1636 2173 Mamiliam,
1685 2090 1804 2157 ubi
1847 2091 2095 2156 multos
2122 2090 2387 2156 invenit
2413 2091 2806 2176 peregrinos,
2855 2091 2973 2176 qui

869 2319 962 2363 aes
1005 2320 1199 2363 suum
1246 2297 1714 2383 expenderant.
1824 2295 1918 2359 Et
1970 2298 2300 2360 venerunt
2345 2293 2432 2357 ad
2474 2315 2695 2381 regem
2740 2298 2810 2358 et
2855 2294 2974 2362 ob-

868 2399 1173 2466 tulerunt
1218 2400 1280 2466 ei
1323 2398 1599 2464 servitia,
1641 2419 1780 2476 sua,
1825 2396 1908 2462 de
1955 2396 2198 2482 quibus
2234 2416 2357 2461 rex
2385 2396 2630 2461 multos
2673 2396 2973 2463 retinuit.

961 2503 1130 2567 Cum
1177 2523 1333 2568 vero
1379 2500 1627 2566 ibidem
1672 2521 1795 2565 rex
1837 2520 1955 2584 per
2000 2504 2145 2563 octo
2191 2497 2332 2564 dies
2374 2519 2628 2563 moram
2670 2498 2976 2577 fecisset,¹
2996 2499 3233 2598 {gfff-2

868 2610 1256 2722 exspectans
1286 2608 1355 2670 et
1383 2624 1655 2691 sperans
1700 2602 1782 2667 de
1828 2600 1936 2667 die
1979 2600 2055 2664 in
2099 2600 2277 2666 diem
2321 2601 2687 2667 adventum
2720 2601 3075 2710 navigiim
2999 2612 3062 2657 11-
3079 2615 3221 2668 Pane,

867 2708 989 2784 sui,
1037 2707 1383 2772 fraudatus
1428 2727 1470 2769 a
1513 2703 1839 2770 desiderio
1886 2723 2005 2767 suo
2050 2702 2375 2768 conduxit
2419 2703 2647 2768 decem
2708 2668 3075 2770 bucciasm

868 2830 1142 2894 magnas
1187 2813 1257 2874 et
1286 2806 1537 2894 viginti
1579 2804 1799 2893 galeas
1843 2805 2012 2869 bene
2056 2809 2385 2885 armatas3
2432 2804 2659 2871 dolens
2703 2808 2774 2871 et
2816 2827 2975 2873 con-

868 2909 1054 2976 fusus
1098 2931 1244 2976 cum
1288 2909 1556 2974 famulis
1600 2908 1736 2973 suis
1777 2907 2077 2974 intravit.

961 3011 1262 3097 Septimo
1323 3015 1548 3075 autem
1623 3010 1732 3075 die
1805 3009 2099 3096 Augusti
2170 3009 2439 3075 recessit
2512 3031 2633 3076 rex
2706 3011 3088 3111 Anglitem
3000 3013 3238 3068 novenam.

872 3112 1196 3177 Ricardus
1259 3133 1300 3175 a
1363 3110 1661 3176 Marsilia
1720 3110 1796 3174 in
1855 3111 2044 3197 galea
2105 3110 2462 3189 Pumbone,
2526 3118 2595 3178 et
2658 3113 2976 3179 transivit
3001 3130 3067 3173 u.
3082 3130 3232 3183 Pstis.

872 3236 987 3301 per
1029 3212 1316 3278 insulam
1381 3212 1614 3278 Sancti
1659 3211 2006 3299 Stephani,
2065 3235 2182 3299 per
2241 3213 2578 3300 Aquilam,
2622 3237 2741 3301 per
2786 3216 2979 3281 Mon
2999 3183 3174 3233 m'u'

869 3321 1009 3380 tem
1067 3314 1370 3403 Nigrum,
1423 3336 1541 3404 per
1583 3315 1868 3380 insulam
1916 3314 2149 3380 Sancti
2194 3314 2543 3394 Honorati,
2587 3339 2703 3404 per
2744 3319 2980 3385 civita—

872 3421 1009 3482 tem
1072 3419 1154 3484 de
1218 3418 1422 3496 Nicis,
1481 3439 1598 3505 per
1655 3416 2002 3483 civitatem
2071 3418 2154 3484 de
2221 3417 2600 3486 Witemile?
2719 3420 2811 3486 Et
2875 3427 2980 3487 cst

871 3519 1224 3598 sciendum,
1269 3521 1449 3586 inter
1493 3521 1693 3585 Nices
1736 3525 1807 3586 et
1836 3518 2175 3586 Witemile
2220 3525 2322 3587 est
2365 3521 2608 3588 divisio
2651 3527 2978 3589 terrarum

870 3622 1043 3709 regis
1086 3623 1479 3710 Arrogoniae
1525 3627 1595 3688 et
1636 3622 1875 3690 Italiae.
1968 3621 2229 3688 Deinde
2276 3623 2597 3689 transivit
2626 3647 2742 3712 per
2772 3625 2978 3692 Sanc-

939 3935 956 3968 ¹
993 3933 1106 3985 The
1128 3939 1243 3998 my
1263 3931 1323 3983 of
1338 3930 1481 3996 eight
1500 3932 1626 3996 days
1652 3935 1707 3980 ut
1738 3929 1877 3981 Mar·
1968 3936 2114 3994 spent
2134 3930 2277 3981 three
2301 3931 2428 3997 days
2450 3937 2505 3981 at
2524 3932 2715 3996 Lyons.
2771 3932 2871 3983 We
2887 3938 2981 3998 get

872 4013 1055 4074 seillee,
1094 4012 1195 4062 and
1238 4010 1327 4061 the
1370 4009 1636 4073 departure
1681 4024 1749 4058 on
1794 4008 1882 4059 the
1966 4008 2218 4060 therefore
2240 4010 2326 4061 the
2345 4010 2609 4075 following
2625 4010 2977 4076 approximate

875 4092 962 4144 7th
1007 4090 1069 4142 of
1104 4090 1327 4155 August,
1371 4088 1576 4138 enables
1615 4103 1675 4138 us
1713 4094 1766 4138 to
1805 4087 1881 4138 fix
1970 4089 2109 4139 dates
2131 4088 2193 4138 of
2205 4088 2476 4139 Richard’s
2496 4097 2846 4139 movements:

871 4170 1140 4222 Richard's
1178 4168 1365 4219 arrival
1406 4168 1552 4219 there
1597 4169 1751 4218 about
1795 4167 1882 4217 the
2041 4174 2084 4218 1.
2119 4167 2233 4218 The
2275 4167 2452 4218 march
2497 4167 2629 4218 from
2667 4167 2883 4218 vezelai
2920 4177 2980 4219 to

874 4256 990 4299 alst
1025 4249 1086 4298 of
1116 4247 1261 4312 July.
1329 4247 1443 4298 The
1483 4246 1666 4298 author
1703 4246 1764 4297 of
1796 4244 1882 4296 the
1969 4247 2163 4313 Lyons,
2186 4245 2315 4312 July
2340 4252 2371 4296 6
2394 4255 2447 4298 to
2470 4246 2600 4313 Jnly
2627 4252 2706 4298 14.

874 4327 1196 4386 Itinerarium
1240 4327 1399 4377 sailed
1437 4340 1505 4377 ou
1545 4326 1631 4376 the
1674 4326 1795 4375 leth
1829 4324 1888 4375 of
2037 4331 2084 4376 2.
2121 4325 2292 4376 Three
2313 4326 2442 4391 days
2463 4331 2517 4376 at
2537 4325 2731 4392 Lyons,
2753 4324 2884 4392 July
2915 4331 2977 4376 14

872 4407 1098 4472 August.
1131 4405 1328 4471 having
1364 4407 1494 4456 been
1534 4404 1679 4456 three
1712 4404 1882 4455 weeks
1968 4412 2023 4456 to
2044 4403 2174 4470 July
2201 4407 2278 4456 17.

873 4493 927 4540 at
964 4486 1263 4538 Mai-seillac.
1331 4485 1415 4536 He
1451 4491 1590 4535 must
1631 4484 1882 4536 therefore
2037 4489 2086 4534 3.
2120 4481 2305 4534 March
2345 4483 2481 4534 from
2518 4483 2694 4548 Lycus
2737 4489 2792 4534 to
2812 4501 2817 4504 ·
2835 4483 2980 4534 Mar-

873 4568 1008 4617 have
1030 4565 1232 4617 arrived
1251 4565 1408 4615 about
1438 4564 1525 4615 the
1560 4563 1697 4613 26th.
1768 4562 1882 4612 The
1969 4562 2155 4624 seilles,
2177 4562 2306 4628 July
2335 4565 2395 4614 17
2419 4571 2473 4613 to
2494 4561 2533 4614 J
2534 4563 2623 4627 uly
2647 4567 2732 4614 31.

872 4646 1051 4696 march
1098 4646 1234 4695 from
1278 4643 1455 4710 Lyons
1499 4646 1551 4693 to
1594 4641 1881 4692 Marseilles
2037 4652 2086 4692 4.
2108 4639 2270 4706 Eight
2292 4641 2420 4706 days
2441 4649 2494 4693 at
2515 4640 2819 4702 Marseilles,
2842 4640 2883 4692 J
2885 4640 2979 4707 uly

873 4725 997 4776 took
1030 4724 1258 4775 fourteen
1290 4725 1430 4789 days,
1465 4724 1568 4773 and
1605 4722 1715 4774 that
1748 4721 1882 4771 from
1971 4725 2030 4771 31
2059 4726 2113 4771 to
2134 4719 2344 4784 August
2369 4723 2414 4772 7.

872 4801 1089 4855 'vezelai
1125 4810 1179 4855 to
1217 4801 1394 4868 Lyons
1432 4799 1588 4867 eight.
1654 4799 1883 4852 Richard
2035 4797 2058 4832 ²
2092 4797 2355 4865 Wioemile]
2394 4798 2709 4861 Wentimile,
2732 4798 2801 4849 Η.
