<?xml version="1.0" encoding="UTF-8"?>
<!DOCTYPE html PUBLIC "-//W3C//DTD XHTML 1.0 Transitional//EN"
    "http://www.w3.org/TR/xhtml1/DTD/xhtml1-transitional.dtd">
<html xmlns="http://www.w3.org/1999/xhtml" xml:lang="en" lang="en">
 <head>
  <title>
</title>
<meta http-equiv="Content-Type" content="text/html;charset=utf-8" />
  <meta name='ocr-system' content='tesseract 3.04.00' />
  <meta name='ocr-capabilities' content='ocr_page ocr_carea ocr_par ocr_line ocrx_word'/>
</head>
<body>
  <div class='ocr_page' id='page_1' title='image "./chroniclereigns00unkngoog_0351.png"; bbox 0 0 3585 5863; ppageno 0'>
   <div class='ocr_carea' id='block_1_1' title="bbox 1462 893 2670 968">
    <p class='ocr_par' dir='ltr' id='par_1_1' title="bbox 1462 893 2670 968">
     <span class='ocr_line' id='line_1_1' title="bbox 1462 893 2670 968; baseline 0.006 -11"><span class='ocrx_word' id='word_1_1' title='bbox 1462 907 1771 960; x_wconf 67' lang='lat' dir='ltr'><strong>Momm.</strong></span> <span class='ocrx_word' id='word_1_2' title='bbox 2544 893 2670 968; x_wconf 85' lang='grc'><strong>179</strong></span> 
     </span>
    </p>
   </div>
   <div class='ocr_carea' id='block_1_2' title="bbox 254 1082 3078 1210">
    <p class='ocr_par' dir='ltr' id='par_1_2' title="bbox 254 1082 3078 1210">
     <span class='ocr_line' id='line_1_2' title="bbox 254 1082 3078 1210; baseline 0.001 -61"><span class='ocrx_word' id='word_1_3' title='bbox 254 1091 467 1192; x_wconf 53' lang='lat' dir='ltr'><strong>ssffidffi&#39;</strong></span> <span class='ocrx_word' id='word_1_4' title='bbox 570 1087 605 1118; x_wconf 92' lang='lat'>“</span> <span class='ocrx_word' id='word_1_5' title='bbox 649 1082 790 1150; x_wconf 85' lang='lat' dir='ltr'><strong>haec</strong></span> <span class='ocrx_word' id='word_1_6' title='bbox 819 1084 1045 1150; x_wconf 83' lang='lat' dir='ltr'><strong>omnia</strong></span> <span class='ocrx_word' id='word_1_7' title='bbox 1071 1084 1552 1172; x_wconf 83' lang='lat' dir='ltr'><strong>perficerentur.</strong></span> <span class='ocrx_word' id='word_1_8' title='bbox 1636 1087 1728 1151; x_wconf 88' lang='lat' dir='ltr'><strong>Et</strong></span> <span class='ocrx_word' id='word_1_9' title='bbox 1758 1108 1944 1174; x_wconf 84' lang='lat' dir='ltr'><strong>reges</strong></span> <span class='ocrx_word' id='word_1_10' title='bbox 1976 1087 2269 1155; x_wconf 80' lang='lat' dir='ltr'><strong>Franciae</strong></span> <span class='ocrx_word' id='word_1_11' title='bbox 2300 1093 2369 1154; x_wconf 92' lang='lat' dir='ltr'><strong>et</strong></span> <span class='ocrx_word' id='word_1_12' title='bbox 2398 1087 2664 1177; x_wconf 78' lang='lat' dir='ltr'><strong>Angliae</strong></span> <span class='ocrx_word' id='word_1_13' title='bbox 2724 1104 2970 1210; x_wconf 36' lang='grc'><strong>1111313181.</strong></span> <span class='ocrx_word' id='word_1_14' title='bbox 3074 1126 3078 1129; x_wconf 58' lang='lat'><strong>&lt;</strong></span> 
     </span>
    </p>
   </div>
   <div class='ocr_carea' id='block_1_3' title="bbox 449 1179 3000 1277">
    <p class='ocr_par' dir='ltr' id='par_1_3' title="bbox 449 1179 3000 1277">
     <span class='ocr_line' id='line_1_3' title="bbox 449 1179 3000 1277; baseline 0.004 -24"><span class='ocrx_word' id='word_1_15' title='bbox 449 1179 463 1193; x_wconf 79' lang='grc'><strong><em>’</em></strong></span> <span class='ocrx_word' id='word_1_16' title='bbox 567 1193 601 1223; x_wconf 83' lang='grc'><strong>“</strong></span> <span class='ocrx_word' id='word_1_17' title='bbox 645 1187 776 1252; x_wconf 81' lang='lat' dir='ltr'><strong>illis</strong></span> <span class='ocrx_word' id='word_1_18' title='bbox 851 1192 1231 1255; x_wconf 85' lang='lat' dir='ltr'><strong>statuerunt</strong></span> <span class='ocrx_word' id='word_1_19' title='bbox 1298 1189 1739 1277; x_wconf 80' lang='lat' dir='ltr'><strong>quadraginta</strong></span> <span class='ocrx_word' id='word_1_20' title='bbox 1799 1190 2055 1256; x_wconf 82' lang='lat' dir='ltr'><strong>dierum</strong></span> <span class='ocrx_word' id='word_1_21' title='bbox 2072 1189 2099 1229; x_wconf 80' lang='lat'>²</span> <span class='ocrx_word' id='word_1_22' title='bbox 2157 1192 2517 1258; x_wconf 84' lang='lat' dir='ltr'><strong>terminum</strong></span> <span class='ocrx_word' id='word_1_23' title='bbox 2576 1192 2664 1256; x_wconf 87' lang='lat' dir='ltr'><strong>ad</strong></span> <span class='ocrx_word' id='word_1_24' title='bbox 2686 1219 3000 1273; x_wconf 65' lang='lat' dir='ltr'><strong>capitulatim</strong></span> 
     </span>
    </p>
   </div>
   <div class='ocr_carea' id='block_1_4' title="bbox 562 1271 2889 1376">
    <p class='ocr_par' dir='ltr' id='par_1_4' title="bbox 562 1271 2889 1376">
     <span class='ocr_line' id='line_1_4' title="bbox 562 1271 2889 1376; baseline 0.001 -20"><span class='ocrx_word' id='word_1_25' title='bbox 562 1297 599 1326; x_wconf 77' lang='grc'><strong><em>“</em></strong></span> <span class='ocrx_word' id='word_1_26' title='bbox 641 1291 1111 1376; x_wconf 77' lang='lat' dir='ltr'><strong>perficiendam</strong></span> <span class='ocrx_word' id='word_1_27' title='bbox 1184 1290 1384 1358; x_wconf 67' lang='lat' dir='ltr'><strong>istam</strong></span> <span class='ocrx_word' id='word_1_28' title='bbox 1461 1293 1983 1359; x_wconf 66' lang='lat' dir='ltr'><strong>eonventionem.</strong></span> <span class='ocrx_word' id='word_1_29' title='bbox 2097 1294 2293 1375; x_wconf 79' lang='lat' dir='ltr'><strong>Quod</strong></span> <span class='ocrx_word' id='word_1_30' title='bbox 2358 1294 2417 1359; x_wconf 72' lang='lat' dir='ltr'><strong>si</strong></span> <span class='ocrx_word' id='word_1_31' title='bbox 2490 1294 2664 1359; x_wconf 77' lang='lat' dir='ltr'><strong>infra.</strong></span> <span class='ocrx_word' id='word_1_32' title='bbox 2686 1271 2738 1314; x_wconf 70' lang='lat'><strong>⁰¹</strong></span> <span class='ocrx_word' id='word_1_33' title='bbox 2758 1271 2889 1319; x_wconf 58' lang='lat' dir='ltr'><strong>Am·</strong></span> 
     </span>
    </p>
   </div>
   <div class='ocr_carea' id='block_1_5' title="bbox 561 1393 2664 1579">
    <p class='ocr_par' dir='ltr' id='par_1_5' title="bbox 561 1393 2664 1579">
     <span class='ocr_line' id='line_1_5' title="bbox 561 1393 2664 1483; baseline 0 -23"><span class='ocrx_word' id='word_1_34' title='bbox 561 1397 598 1428; x_wconf 89' lang='lat'><strong><em>“</em></strong></span> <span class='ocrx_word' id='word_1_35' title='bbox 643 1393 1003 1460; x_wconf 86' lang='lat' dir='ltr'><strong>terminum</strong></span> <span class='ocrx_word' id='word_1_36' title='bbox 1072 1394 1496 1483; x_wconf 74' lang='lat' dir='ltr'><strong>perfecissent</strong></span> <span class='ocrx_word' id='word_1_37' title='bbox 1549 1396 2056 1463; x_wconf 85' lang='lat' dir='ltr'><strong>conventionem</strong></span> <span class='ocrx_word' id='word_1_38' title='bbox 2115 1396 2327 1483; x_wconf 86' lang='lat' dir='ltr'><strong>quieti</strong></span> <span class='ocrx_word' id='word_1_39' title='bbox 2371 1398 2664 1464; x_wconf 86' lang='lat' dir='ltr'><strong>abissent</strong></span> 
     </span>
     <span class='ocr_line' id='line_1_6' title="bbox 562 1497 2661 1579; baseline 0.002 -17"><span class='ocrx_word' id='word_1_40' title='bbox 562 1503 597 1531; x_wconf 90' lang='lat'><strong>“</strong></span> <span class='ocrx_word' id='word_1_41' title='bbox 642 1517 792 1562; x_wconf 87' lang='lat' dir='ltr'><strong>cum</strong></span> <span class='ocrx_word' id='word_1_42' title='bbox 819 1497 967 1564; x_wconf 81' lang='lat' dir='ltr'><strong>vita</strong></span> <span class='ocrx_word' id='word_1_43' title='bbox 993 1504 1064 1565; x_wconf 86' lang='lat' dir='ltr'><strong>et</strong></span> <span class='ocrx_word' id='word_1_44' title='bbox 1108 1498 1439 1579; x_wconf 86' lang='lat' dir='ltr'><strong>membris,</strong></span> <span class='ocrx_word' id='word_1_45' title='bbox 1486 1499 1591 1564; x_wconf 90' lang='lat' dir='ltr'><strong>sin</strong></span> <span class='ocrx_word' id='word_1_46' title='bbox 1634 1504 1864 1565; x_wconf 89' lang='lat' dir='ltr'><strong>autem</strong></span> <span class='ocrx_word' id='word_1_47' title='bbox 1907 1503 2325 1567; x_wconf 78' lang='lat' dir='ltr'><strong>remanerent</strong></span> <span class='ocrx_word' id='word_1_48' title='bbox 2368 1501 2441 1566; x_wconf 90' lang='lat' dir='ltr'><strong>in</strong></span> <span class='ocrx_word' id='word_1_49' title='bbox 2468 1502 2661 1567; x_wconf 88' lang='lat' dir='ltr'><strong>mise-</strong></span> 
     </span>
    </p>
   </div>
   <div class='ocr_carea' id='block_1_6' title="bbox 559 1601 2048 1689">
    <p class='ocr_par' dir='ltr' id='par_1_6' title="bbox 559 1601 2048 1689">
     <span class='ocr_line' id='line_1_7' title="bbox 559 1601 2048 1689; baseline 0.002 -23"><span class='ocrx_word' id='word_1_50' title='bbox 559 1608 594 1637; x_wconf 89' lang='lat'><strong><em>“</em></strong></span> <span class='ocrx_word' id='word_1_51' title='bbox 637 1601 925 1667; x_wconf 85' lang='lat' dir='ltr'><strong>ricordia</strong></span> <span class='ocrx_word' id='word_1_52' title='bbox 966 1623 1202 1689; x_wconf 85' lang='lat' dir='ltr'><strong>regum</strong></span> <span class='ocrx_word' id='word_1_53' title='bbox 1247 1601 1328 1668; x_wconf 90' lang='lat' dir='ltr'><strong>de</strong></span> <span class='ocrx_word' id='word_1_54' title='bbox 1374 1603 1522 1668; x_wconf 85' lang='lat' dir='ltr'><strong>vita</strong></span> <span class='ocrx_word' id='word_1_55' title='bbox 1566 1606 1634 1668; x_wconf 88' lang='lat' dir='ltr'><strong>et</strong></span> <span class='ocrx_word' id='word_1_56' title='bbox 1683 1601 2048 1670; x_wconf 85' lang='lat' dir='ltr'><strong>membris.”</strong></span> 
     </span>
    </p>
   </div>
   <div class='ocr_carea' id='block_1_7' title="bbox 248 1701 2914 1815">
    <p class='ocr_par' dir='ltr' id='par_1_7' title="bbox 248 1701 2914 1815">
     <span class='ocr_line' id='line_1_8' title="bbox 248 1701 2914 1815; baseline -0.003 -39"><span class='ocrx_word' id='word_1_57' title='bbox 248 1704 463 1803; x_wconf 49' lang='lat'><strong>{32⁶3}</strong></span> <span class='ocrx_word' id='word_1_58' title='bbox 648 1701 780 1769; x_wconf 90' lang='lat' dir='ltr'><strong>His</strong></span> <span class='ocrx_word' id='word_1_59' title='bbox 852 1704 1081 1791; x_wconf 87' lang='lat' dir='ltr'><strong>itaque</strong></span> <span class='ocrx_word' id='word_1_60' title='bbox 1155 1704 1707 1771; x_wconf 78' lang='lat' dir='ltr'><strong>conventionibus</strong></span> <span class='ocrx_word' id='word_1_61' title='bbox 1775 1706 2093 1772; x_wconf 77' lang='lat' dir='ltr'><strong>concessis</strong></span> <span class='ocrx_word' id='word_1_62' title='bbox 2159 1706 2513 1793; x_wconf 84' lang='lat' dir='ltr'><strong>utrobique</strong></span> <span class='ocrx_word' id='word_1_63' title='bbox 2588 1712 2658 1773; x_wconf 90' lang='lat' dir='ltr'><strong>et</strong></span> <span class='ocrx_word' id='word_1_64' title='bbox 2680 1718 2914 1815; x_wconf 40' lang='lat' dir='ltr'><strong>&amp;m</strong></span> 
     </span>
    </p>
   </div>
   <div class='ocr_carea' id='block_1_8' title="bbox 546 1804 2937 1925">
    <p class='ocr_par' dir='ltr' id='par_1_8' title="bbox 546 1804 2937 1925">
     <span class='ocr_line' id='line_1_9' title="bbox 546 1804 2937 1925; baseline -0.003 -53"><span class='ocrx_word' id='word_1_65' title='bbox 546 1804 811 1889; x_wconf 88' lang='lat' dir='ltr'><strong>juratis,</strong></span> <span class='ocrx_word' id='word_1_66' title='bbox 866 1808 1192 1875; x_wconf 88' lang='lat' dir='ltr'><strong>miserunt</strong></span> <span class='ocrx_word' id='word_1_67' title='bbox 1254 1829 1440 1894; x_wconf 86' lang='lat' dir='ltr'><strong>reges</strong></span> <span class='ocrx_word' id='word_1_68' title='bbox 1504 1808 1750 1874; x_wconf 88' lang='lat' dir='ltr'><strong>milites</strong></span> <span class='ocrx_word' id='word_1_69' title='bbox 1819 1814 1889 1874; x_wconf 88' lang='lat' dir='ltr'><strong>et</strong></span> <span class='ocrx_word' id='word_1_70' title='bbox 1951 1809 2310 1890; x_wconf 82' lang='lat' dir='ltr'><strong>servientes</strong></span> <span class='ocrx_word' id='word_1_71' title='bbox 2370 1832 2521 1875; x_wconf 89' lang='lat' dir='ltr'><strong>suos</strong></span> <span class='ocrx_word' id='word_1_72' title='bbox 2582 1811 2655 1875; x_wconf 90' lang='lat' dir='ltr'><strong>in</strong></span> <span class='ocrx_word' id='word_1_73' title='bbox 2678 1823 2937 1925; x_wconf 49' lang='lat' dir='ltr'><strong>{meusne</strong></span> 
     </span>
    </p>
   </div>
   <div class='ocr_carea' id='block_1_9' title="bbox 555 1908 2654 2098">
    <p class='ocr_par' dir='ltr' id='par_1_9' title="bbox 555 1908 2654 2098">
     <span class='ocr_line' id='line_1_10' title="bbox 555 1908 2653 2000; baseline 0.002 -26"><span class='ocrx_word' id='word_1_74' title='bbox 555 1908 917 1989; x_wconf 86' lang='lat' dir='ltr'><strong>civitatem,</strong></span> <span class='ocrx_word' id='word_1_75' title='bbox 963 1916 1032 1976; x_wconf 90' lang='lat' dir='ltr'><strong>et</strong></span> <span class='ocrx_word' id='word_1_76' title='bbox 1095 1910 1436 1998; x_wconf 85' lang='lat' dir='ltr'><strong>elegerunt</strong></span> <span class='ocrx_word' id='word_1_77' title='bbox 1501 1915 1770 1977; x_wconf 88' lang='lat' dir='ltr'><strong>centum</strong></span> <span class='ocrx_word' id='word_1_78' title='bbox 1832 1911 1915 1978; x_wconf 93' lang='lat' dir='ltr'><strong>de</strong></span> <span class='ocrx_word' id='word_1_79' title='bbox 1958 1913 2316 1998; x_wconf 87' lang='lat' dir='ltr'><strong>majoribus</strong></span> <span class='ocrx_word' id='word_1_80' title='bbox 2361 1915 2653 2000; x_wconf 77' lang='lat' dir='ltr'><strong>paganis,</strong></span> 
     </span>
     <span class='ocr_line' id='line_1_11' title="bbox 555 2014 2654 2098; baseline 0.001 -20"><span class='ocrx_word' id='word_1_81' title='bbox 555 2017 622 2078; x_wconf 85' lang='lat' dir='ltr'><strong>et</strong></span> <span class='ocrx_word' id='word_1_82' title='bbox 667 2018 1035 2098; x_wconf 87' lang='lat' dir='ltr'><strong>posuerunt</strong></span> <span class='ocrx_word' id='word_1_83' title='bbox 1097 2034 1208 2079; x_wconf 90' lang='lat' dir='ltr'><strong>eos</strong></span> <span class='ocrx_word' id='word_1_84' title='bbox 1274 2014 1348 2079; x_wconf 91' lang='lat' dir='ltr'><strong>in</strong></span> <span class='ocrx_word' id='word_1_85' title='bbox 1414 2014 1712 2079; x_wconf 89' lang='lat' dir='ltr'><strong>turribus</strong></span> <span class='ocrx_word' id='word_1_86' title='bbox 1775 2020 1845 2081; x_wconf 90' lang='lat' dir='ltr'><strong>et</strong></span> <span class='ocrx_word' id='word_1_87' title='bbox 1912 2014 2216 2081; x_wconf 82' lang='lat' dir='ltr'><strong>domibus</strong></span> <span class='ocrx_word' id='word_1_88' title='bbox 2267 2014 2654 2083; x_wconf 88' lang='lat' dir='ltr'><strong>fortioribus</strong></span> 
     </span>
    </p>
   </div>
   <div class='ocr_carea' id='block_1_10' title="bbox 548 2116 2651 2823">
    <p class='ocr_par' dir='ltr' id='par_1_10' title="bbox 548 2116 2651 2823">
     <span class='ocr_line' id='line_1_12' title="bbox 555 2116 2649 2208; baseline 0.002 -27"><span class='ocrx_word' id='word_1_89' title='bbox 555 2116 853 2182; x_wconf 83' lang='lat' dir='ltr'><strong>civitatis</strong></span> <span class='ocrx_word' id='word_1_90' title='bbox 896 2117 1022 2183; x_wconf 87' lang='lat' dir='ltr'><strong>sub</strong></span> <span class='ocrx_word' id='word_1_91' title='bbox 1067 2117 1388 2183; x_wconf 86' lang='lat' dir='ltr'><strong>custodia.</strong></span> <span class='ocrx_word' id='word_1_92' title='bbox 1482 2116 1760 2184; x_wconf 83' lang='lat' dir='ltr'><strong>Caeteris</strong></span> <span class='ocrx_word' id='word_1_93' title='bbox 1809 2120 2085 2206; x_wconf 76' lang='lat' dir='ltr'><strong>paganis</strong></span> <span class='ocrx_word' id='word_1_94' title='bbox 2129 2119 2406 2185; x_wconf 89' lang='lat' dir='ltr'><strong>minoris</strong></span> <span class='ocrx_word' id='word_1_95' title='bbox 2449 2122 2649 2208; x_wconf 89' lang='lat' dir='ltr'><strong>pretii</strong></span> 
     </span>
     <span class='ocr_line' id='line_1_13' title="bbox 555 2219 2650 2303; baseline 0.002 -17"><span class='ocrx_word' id='word_1_96' title='bbox 555 2219 978 2287; x_wconf 71' lang='lat' dir='ltr'><strong>tradiderunt</strong></span> <span class='ocrx_word' id='word_1_97' title='bbox 1039 2220 1220 2287; x_wconf 85' lang='lat' dir='ltr'><strong>infra</strong></span> <span class='ocrx_word' id='word_1_98' title='bbox 1281 2242 1506 2286; x_wconf 88' lang='lat' dir='ltr'><strong>muros</strong></span> <span class='ocrx_word' id='word_1_99' title='bbox 1575 2220 1877 2287; x_wconf 88' lang='lat' dir='ltr'><strong>civitatis</strong></span> <span class='ocrx_word' id='word_1_100' title='bbox 1934 2222 2149 2287; x_wconf 88' lang='lat' dir='ltr'><strong>locum</strong></span> <span class='ocrx_word' id='word_1_101' title='bbox 2217 2239 2519 2303; x_wconf 80' lang='lat' dir='ltr'><strong>vacuum,</strong></span> <span class='ocrx_word' id='word_1_102' title='bbox 2582 2230 2650 2290; x_wconf 92' lang='lat' dir='ltr'><strong>et</strong></span> 
     </span>
     <span class='ocr_line' id='line_1_14' title="bbox 554 2323 2651 2413; baseline 0.003 -26"><span class='ocrx_word' id='word_1_103' title='bbox 554 2329 1006 2410; x_wconf 86' lang='lat' dir='ltr'><strong>apposuerunt</strong></span> <span class='ocrx_word' id='word_1_104' title='bbox 1052 2323 1360 2390; x_wconf 73' lang='lat' dir='ltr'><strong>custodes</strong></span> <span class='ocrx_word' id='word_1_105' title='bbox 1406 2324 1521 2410; x_wconf 89' lang='lat' dir='ltr'><strong>qui</strong></span> <span class='ocrx_word' id='word_1_106' title='bbox 1581 2324 2131 2391; x_wconf 79' lang='lat' dir='ltr'><strong>administrarent</strong></span> <span class='ocrx_word' id='word_1_107' title='bbox 2174 2326 2309 2390; x_wconf 87' lang='lat' dir='ltr'><strong>illis</strong></span> <span class='ocrx_word' id='word_1_108' title='bbox 2354 2329 2536 2413; x_wconf 90' lang='lat' dir='ltr'><strong>quoti</strong></span> <span class='ocrx_word' id='word_1_109' title='bbox 2544 2328 2651 2393; x_wconf 90' lang='lat' dir='ltr'><strong>die</strong></span> 
     </span>
     <span class='ocr_line' id='line_1_15' title="bbox 552 2426 2648 2518; baseline 0.002 -27"><span class='ocrx_word' id='word_1_110' title='bbox 552 2426 772 2492; x_wconf 83' lang='lat' dir='ltr'><strong>victus</strong></span> <span class='ocrx_word' id='word_1_111' title='bbox 834 2428 1218 2493; x_wconf 84' lang='lat' dir='ltr'><strong>necessaria.</strong></span> <span class='ocrx_word' id='word_1_112' title='bbox 1310 2427 1554 2493; x_wconf 80' lang='lat' dir='ltr'><strong>Postea</strong></span> <span class='ocrx_word' id='word_1_113' title='bbox 1618 2449 1778 2493; x_wconf 87' lang='lat' dir='ltr'><strong>vero</strong></span> <span class='ocrx_word' id='word_1_114' title='bbox 1847 2449 2000 2494; x_wconf 88' lang='lat' dir='ltr'><strong>cum</strong></span> <span class='ocrx_word' id='word_1_115' title='bbox 2062 2428 2405 2495; x_wconf 79' lang='lat' dir='ltr'><strong>audissent</strong></span> <span class='ocrx_word' id='word_1_116' title='bbox 2461 2452 2648 2518; x_wconf 89' lang='lat' dir='ltr'><strong>reges</strong></span> 
     </span>
     <span class='ocr_line' id='line_1_16' title="bbox 552 2528 2649 2617; baseline 0.002 -23"><span class='ocrx_word' id='word_1_117' title='bbox 552 2530 727 2615; x_wconf 89' lang='lat' dir='ltr'><strong>quod</strong></span> <span class='ocrx_word' id='word_1_118' title='bbox 772 2528 1044 2616; x_wconf 85' lang='lat' dir='ltr'><strong>quidam</strong></span> <span class='ocrx_word' id='word_1_119' title='bbox 1087 2529 1355 2596; x_wconf 89' lang='lat' dir='ltr'><strong>illorum</strong></span> <span class='ocrx_word' id='word_1_120' title='bbox 1399 2551 1808 2617; x_wconf 85' lang='lat' dir='ltr'><strong>paganorum</strong></span> <span class='ocrx_word' id='word_1_121' title='bbox 1854 2531 1938 2596; x_wconf 92' lang='lat' dir='ltr'><strong>de</strong></span> <span class='ocrx_word' id='word_1_122' title='bbox 1981 2536 2174 2596; x_wconf 86' lang='lat' dir='ltr'><strong>nocte</strong></span> <span class='ocrx_word' id='word_1_123' title='bbox 2217 2531 2447 2597; x_wconf 84' lang='lat' dir='ltr'><strong>furtim</strong></span> <span class='ocrx_word' id='word_1_124' title='bbox 2478 2533 2649 2598; x_wconf 86' lang='lat' dir='ltr'><strong>abis-</strong></span> 
     </span>
     <span class='ocr_line' id='line_1_17' title="bbox 549 2632 2643 2714; baseline 0.002 -19"><span class='ocrx_word' id='word_1_125' title='bbox 549 2637 718 2712; x_wconf 88' lang='lat' dir='ltr'><strong>sent,</strong></span> <span class='ocrx_word' id='word_1_126' title='bbox 763 2636 1179 2698; x_wconf 86' lang='lat' dir='ltr'><strong>retruserunt</strong></span> <span class='ocrx_word' id='word_1_127' title='bbox 1240 2654 1350 2698; x_wconf 89' lang='lat' dir='ltr'><strong>eos</strong></span> <span class='ocrx_word' id='word_1_128' title='bbox 1409 2633 1484 2696; x_wconf 91' lang='lat' dir='ltr'><strong>in</strong></span> <span class='ocrx_word' id='word_1_129' title='bbox 1543 2632 1813 2697; x_wconf 87' lang='lat' dir='ltr'><strong>arctiori</strong></span> <span class='ocrx_word' id='word_1_130' title='bbox 1873 2633 2174 2699; x_wconf 86' lang='lat' dir='ltr'><strong>custodia</strong></span> <span class='ocrx_word' id='word_1_131' title='bbox 2230 2634 2302 2699; x_wconf 92' lang='lat' dir='ltr'><strong>in</strong></span> <span class='ocrx_word' id='word_1_132' title='bbox 2346 2634 2643 2714; x_wconf 88' lang='lat' dir='ltr'><strong>cellariis,</strong></span> 
     </span>
     <span class='ocr_line' id='line_1_18' title="bbox 548 2735 2648 2823; baseline 0.002 -23"><span class='ocrx_word' id='word_1_133' title='bbox 548 2739 926 2800; x_wconf 85' lang='lat' dir='ltr'><strong>statuentes</strong></span> <span class='ocrx_word' id='word_1_134' title='bbox 970 2739 1050 2800; x_wconf 90' lang='lat' dir='ltr'><strong>ut</strong></span> <span class='ocrx_word' id='word_1_135' title='bbox 1095 2756 1322 2801; x_wconf 89' lang='lat' dir='ltr'><strong>omnes</strong></span> <span class='ocrx_word' id='word_1_136' title='bbox 1366 2735 1482 2822; x_wconf 91' lang='lat' dir='ltr'><strong>qui</strong></span> <span class='ocrx_word' id='word_1_137' title='bbox 1527 2735 1859 2821; x_wconf 86' lang='lat' dir='ltr'><strong>baptizari</strong></span> <span class='ocrx_word' id='word_1_138' title='bbox 1903 2736 2155 2802; x_wconf 87' lang='lat' dir='ltr'><strong>vellent</strong></span> <span class='ocrx_word' id='word_1_139' title='bbox 2198 2736 2648 2823; x_wconf 88' lang='lat' dir='ltr'><strong>reciperentur</strong></span> 
     </span>
    </p>
   </div>
   <div class='ocr_carea' id='block_1_11' title="bbox 549 2837 2982 2958">
    <p class='ocr_par' dir='ltr' id='par_1_11' title="bbox 549 2837 2982 2958">
     <span class='ocr_line' id='line_1_19' title="bbox 549 2837 2982 2958; baseline -0.002 -56"><span class='ocrx_word' id='word_1_140' title='bbox 549 2843 616 2902; x_wconf 94' lang='lat' dir='ltr'><strong>et</strong></span> <span class='ocrx_word' id='word_1_141' title='bbox 660 2837 856 2903; x_wconf 87' lang='lat' dir='ltr'><strong>liberi</strong></span> <span class='ocrx_word' id='word_1_142' title='bbox 900 2838 1153 2904; x_wconf 82' lang='lat' dir='ltr'><strong>fierent.</strong></span> <span class='ocrx_word' id='word_1_143' title='bbox 1246 2838 1541 2924; x_wconf 90' lang='lat' dir='ltr'><strong>Indeque</strong></span> <span class='ocrx_word' id='word_1_144' title='bbox 1584 2838 1836 2903; x_wconf 82' lang='lat' dir='ltr'><strong>factum</strong></span> <span class='ocrx_word' id='word_1_145' title='bbox 1866 2845 1969 2905; x_wconf 89' lang='lat' dir='ltr'><strong>est</strong></span> <span class='ocrx_word' id='word_1_146' title='bbox 1997 2840 2174 2925; x_wconf 90' lang='lat' dir='ltr'><strong>quod</strong></span> <span class='ocrx_word' id='word_1_147' title='bbox 2220 2841 2418 2907; x_wconf 88' lang='lat' dir='ltr'><strong>multi</strong></span> <span class='ocrx_word' id='word_1_148' title='bbox 2444 2863 2642 2930; x_wconf 85' lang='lat' dir='ltr'><strong>paga·</strong></span> <span class='ocrx_word' id='word_1_149' title='bbox 2666 2853 2982 2958; x_wconf 41' lang='lat' dir='ltr'><strong>&amp;goma</strong></span> 
     </span>
    </p>
   </div>
   <div class='ocr_carea' id='block_1_12' title="bbox 545 2941 2910 3060">
    <p class='ocr_par' dir='ltr' id='par_1_12' title="bbox 545 2941 2910 3060">
     <span class='ocr_line' id='line_1_20' title="bbox 545 2941 2910 3060; baseline 0.001 -53"><span class='ocrx_word' id='word_1_150' title='bbox 545 2963 801 3023; x_wconf 88' lang='lat' dir='ltr'><strong>norum,</strong></span> <span class='ocrx_word' id='word_1_151' title='bbox 834 2947 1184 3029; x_wconf 87' lang='lat' dir='ltr'><strong>postquam</strong></span> <span class='ocrx_word' id='word_1_152' title='bbox 1228 2941 1556 3029; x_wconf 86' lang='lat' dir='ltr'><strong>baptizati</strong></span> <span class='ocrx_word' id='word_1_153' title='bbox 1601 2948 1777 3020; x_wconf 88' lang='lat' dir='ltr'><strong>sunt,</strong></span> <span class='ocrx_word' id='word_1_154' title='bbox 1809 2942 2071 3009; x_wconf 85' lang='lat' dir='ltr'><strong>abirent</strong></span> <span class='ocrx_word' id='word_1_155' title='bbox 2115 2943 2202 3009; x_wconf 87' lang='lat' dir='ltr'><strong>ad</strong></span> <span class='ocrx_word' id='word_1_156' title='bbox 2233 2943 2638 3026; x_wconf 84' lang='lat' dir='ltr'><strong>Saladiuum‚</strong></span> <span class='ocrx_word' id='word_1_157' title='bbox 2663 2956 2910 3060; x_wconf 41' lang='lat' dir='ltr'><strong>&amp;1¹3ss-</strong></span> 
     </span>
    </p>
   </div>
   <div class='ocr_carea' id='block_1_13' title="bbox 545 3044 2929 3153">
    <p class='ocr_par' dir='ltr' id='par_1_13' title="bbox 545 3044 2929 3153">
     <span class='ocr_line' id='line_1_21' title="bbox 545 3044 2929 3153; baseline 0.002 -43"><span class='ocrx_word' id='word_1_158' title='bbox 545 3047 990 3132; x_wconf 88' lang='lat' dir='ltr'><strong>relinquentes</strong></span> <span class='ocrx_word' id='word_1_159' title='bbox 1033 3046 1246 3133; x_wconf 85' lang='lat' dir='ltr'><strong>legem</strong></span> <span class='ocrx_word' id='word_1_160' title='bbox 1307 3044 1802 3126; x_wconf 84' lang='lat' dir='ltr'><strong>Christianam3</strong></span> <span class='ocrx_word' id='word_1_161' title='bbox 1860 3050 1929 3111; x_wconf 92' lang='lat' dir='ltr'><strong>et</strong></span> <span class='ocrx_word' id='word_1_162' title='bbox 1989 3052 2238 3113; x_wconf 84' lang='lat' dir='ltr'><strong>extunc</strong></span> <span class='ocrx_word' id='word_1_163' title='bbox 2288 3048 2638 3135; x_wconf 85' lang='lat' dir='ltr'><strong>prohibue-</strong></span> <span class='ocrx_word' id='word_1_164' title='bbox 2662 3057 2867 3153; x_wconf 53' lang='lat' dir='ltr'><strong>*3310ng</strong></span> <span class='ocrx_word' id='word_1_165' title='bbox 2878 3061 2929 3102; x_wconf 80' lang='lat' dir='ltr'><strong>to</strong></span> 
     </span>
    </p>
   </div>
   <div class='ocr_carea' id='block_1_14' title="bbox 542 3147 2643 3447">
    <p class='ocr_par' dir='ltr' id='par_1_14' title="bbox 542 3147 2643 3447">
     <span class='ocr_line' id='line_1_22' title="bbox 542 3147 2642 3236; baseline 0.002 -23"><span class='ocrx_word' id='word_1_166' title='bbox 542 3152 704 3213; x_wconf 91' lang='lat' dir='ltr'><strong>runt</strong></span> <span class='ocrx_word' id='word_1_167' title='bbox 747 3169 951 3235; x_wconf 85' lang='lat' dir='ltr'><strong>reges,</strong></span> <span class='ocrx_word' id='word_1_168' title='bbox 999 3169 1084 3213; x_wconf 84' lang='lat' dir='ltr'><strong>ne</strong></span> <span class='ocrx_word' id='word_1_169' title='bbox 1151 3147 1394 3233; x_wconf 88' lang='lat' dir='ltr'><strong>aliquis</strong></span> <span class='ocrx_word' id='word_1_170' title='bbox 1454 3147 1716 3214; x_wconf 86' lang='lat' dir='ltr'><strong>illorum</strong></span> <span class='ocrx_word' id='word_1_171' title='bbox 1780 3149 2067 3236; x_wconf 90' lang='lat' dir='ltr'><strong>amplius</strong></span> <span class='ocrx_word' id='word_1_172' title='bbox 2111 3151 2511 3236; x_wconf 86' lang='lat' dir='ltr'><strong>reciperetur</strong></span> <span class='ocrx_word' id='word_1_173' title='bbox 2554 3153 2642 3218; x_wconf 88' lang='lat' dir='ltr'><strong>ad</strong></span> 
     </span>
     <span class='ocr_line' id='line_1_23' title="bbox 542 3249 2640 3343; baseline 0.002 -27"><span class='ocrx_word' id='word_1_174' title='bbox 542 3250 971 3337; x_wconf 86' lang='lat' dir='ltr'><strong>baptismum.</strong></span> <span class='ocrx_word' id='word_1_175' title='bbox 1066 3250 1370 3336; x_wconf 83' lang='lat' dir='ltr'><strong>Cumque</strong></span> <span class='ocrx_word' id='word_1_176' title='bbox 1432 3249 1791 3317; x_wconf 81' lang='lat' dir='ltr'><strong>Saladinus</strong></span> <span class='ocrx_word' id='word_1_177' title='bbox 1837 3253 2132 3318; x_wconf 86' lang='lat' dir='ltr'><strong>audisset</strong></span> <span class='ocrx_word' id='word_1_178' title='bbox 2177 3254 2354 3340; x_wconf 89' lang='lat' dir='ltr'><strong>quod</strong></span> <span class='ocrx_word' id='word_1_179' title='bbox 2398 3258 2640 3343; x_wconf 85' lang='lat' dir='ltr'><strong>pagani</strong></span> 
     </span>
     <span class='ocr_line' id='line_1_24' title="bbox 542 3354 2643 3447; baseline 0.003 -29"><span class='ocrx_word' id='word_1_180' title='bbox 542 3354 644 3419; x_wconf 80' lang='lat' dir='ltr'><strong>sui</strong></span> <span class='ocrx_word' id='word_1_181' title='bbox 687 3354 997 3420; x_wconf 87' lang='lat' dir='ltr'><strong>fecissent</strong></span> <span class='ocrx_word' id='word_1_182' title='bbox 1042 3374 1269 3440; x_wconf 87' lang='lat' dir='ltr'><strong>pacem</strong></span> <span class='ocrx_word' id='word_1_183' title='bbox 1328 3374 1479 3419; x_wconf 88' lang='lat' dir='ltr'><strong>cum</strong></span> <span class='ocrx_word' id='word_1_184' title='bbox 1532 3354 1819 3441; x_wconf 85' lang='lat' dir='ltr'><strong>regibus,</strong></span> <span class='ocrx_word' id='word_1_185' title='bbox 1866 3354 2314 3423; x_wconf 83' lang='lat' dir='ltr'><strong>dissimulavit</strong></span> <span class='ocrx_word' id='word_1_186' title='bbox 2357 3357 2480 3424; x_wconf 91' lang='lat' dir='ltr'><strong>hoc</strong></span> <span class='ocrx_word' id='word_1_187' title='bbox 2523 3382 2643 3447; x_wconf 90' lang='lat' dir='ltr'><strong>per</strong></span> 
     </span>
    </p>
   </div>
   <div class='ocr_carea' id='block_1_15' title="bbox 541 3456 918 3525">
    <p class='ocr_par' dir='ltr' id='par_1_15' title="bbox 541 3456 918 3525">
     <span class='ocr_line' id='line_1_25' title="bbox 541 3456 918 3525; baseline 0.008 -4"><span class='ocrx_word' id='word_1_188' title='bbox 541 3477 608 3521; x_wconf 86' lang='lat' dir='ltr'><strong>se</strong></span> <span class='ocrx_word' id='word_1_189' title='bbox 654 3456 918 3525; x_wconf 84' lang='lat' dir='ltr'><strong>factum.</strong></span> 
     </span>
    </p>
   </div>
   <div class='ocr_carea' id='block_1_16' title="bbox 226 3560 2942 3900">
    <p class='ocr_par' dir='ltr' id='par_1_16' title="bbox 226 3560 2942 3900">
     <span class='ocr_line' id='line_1_26' title="bbox 229 3560 2924 3655; baseline 0.004 -38"><span class='ocrx_word' id='word_1_190' title='bbox 229 3573 447 3628; x_wconf 62' lang='lat' dir='ltr'><strong>novacen.</strong></span> <span class='ocrx_word' id='word_1_191' title='bbox 630 3560 857 3626; x_wconf 84' lang='lat' dir='ltr'><strong>Tertia</strong></span> <span class='ocrx_word' id='word_1_192' title='bbox 901 3561 1155 3627; x_wconf 86' lang='lat' dir='ltr'><strong>decima</strong></span> <span class='ocrx_word' id='word_1_193' title='bbox 1198 3560 1306 3626; x_wconf 91' lang='lat' dir='ltr'><strong>die</strong></span> <span class='ocrx_word' id='word_1_194' title='bbox 1335 3560 1580 3625; x_wconf 85' lang='lat' dir='ltr'><strong>mensis</strong></span> <span class='ocrx_word' id='word_1_195' title='bbox 1611 3560 1659 3626; x_wconf 81' lang='lat' dir='ltr'><strong>J</strong></span> <span class='ocrx_word' id='word_1_196' title='bbox 1661 3560 1799 3639; x_wconf 91' lang='lat' dir='ltr'><strong>ulii,</strong></span> <span class='ocrx_word' id='word_1_197' title='bbox 1830 3561 2067 3627; x_wconf 84' lang='lat' dir='ltr'><strong>civitas</strong></span> <span class='ocrx_word' id='word_1_198' title='bbox 2095 3561 2287 3627; x_wconf 83' lang='lat' dir='ltr'><strong>Acrae</strong></span> <span class='ocrx_word' id='word_1_199' title='bbox 2316 3565 2387 3628; x_wconf 89' lang='lat' dir='ltr'><strong>et</strong></span> <span class='ocrx_word' id='word_1_200' title='bbox 2414 3586 2640 3630; x_wconf 89' lang='lat' dir='ltr'><strong>omnes</strong></span> <span class='ocrx_word' id='word_1_201' title='bbox 2724 3578 2840 3655; x_wconf 53' lang='grc' dir='ltr'><strong>τωρ</strong></span> <span class='ocrx_word' id='word_1_202' title='bbox 2857 3584 2924 3627; x_wconf 82' lang='lat'><strong>13.</strong></span> 
     </span>
     <span class='ocr_line' id='line_1_27' title="bbox 226 3628 2942 3752; baseline -0.003 -19"><span class='ocrx_word' id='word_1_203' title='bbox 226 3628 305 3671; x_wconf 50' lang='grc' dir='ltr'><strong>Μ’</strong></span> <span class='ocrx_word' id='word_1_204' title='bbox 321 3638 359 3671; x_wconf 54' lang='lat'>²</span> <span class='ocrx_word' id='word_1_205' title='bbox 375 3631 438 3673; x_wconf 60' lang='grc' dir='ltr'><strong>ω’</strong></span> <span class='ocrx_word' id='word_1_206' title='bbox 539 3666 783 3751; x_wconf 85' lang='lat' dir='ltr'><strong>pagani</strong></span> <span class='ocrx_word' id='word_1_207' title='bbox 829 3668 896 3730; x_wconf 87' lang='lat' dir='ltr'><strong>et</strong></span> <span class='ocrx_word' id='word_1_208' title='bbox 941 3668 1181 3731; x_wconf 73' lang='lat' dir='ltr'><strong>caetera</strong></span> <span class='ocrx_word' id='word_1_209' title='bbox 1224 3664 1449 3728; x_wconf 89' lang='lat' dir='ltr'><strong>omnia</strong></span> <span class='ocrx_word' id='word_1_210' title='bbox 1492 3684 1642 3750; x_wconf 80' lang='lat' dir='ltr'><strong>quae</strong></span> <span class='ocrx_word' id='word_1_211' title='bbox 1686 3668 1879 3729; x_wconf 84' lang='lat' dir='ltr'><strong>erant</strong></span> <span class='ocrx_word' id='word_1_212' title='bbox 1938 3662 2013 3729; x_wconf 88' lang='lat' dir='ltr'><strong>in</strong></span> <span class='ocrx_word' id='word_1_213' title='bbox 2059 3663 2337 3731; x_wconf 85' lang='lat' dir='ltr'><strong>civitate</strong></span> <span class='ocrx_word' id='word_1_214' title='bbox 2391 3668 2639 3752; x_wconf 83' lang='lat' dir='ltr'><strong>partita</strong></span> <span class='ocrx_word' id='word_1_215' title='bbox 2663 3643 2871 3747; x_wconf 49' lang='grc'><strong>3313339</strong></span> <span class='ocrx_word' id='word_1_216' title='bbox 2889 3647 2942 3689; x_wconf 67' lang='lat'><strong>⁰²</strong></span> 
     </span>
     <span class='ocr_line' id='line_1_28' title="bbox 539 3757 2935 3900; baseline 0.003 -68"><span class='ocrx_word' id='word_1_217' title='bbox 539 3772 698 3833; x_wconf 85' lang='lat' dir='ltr'><strong>sunt</strong></span> <span class='ocrx_word' id='word_1_218' title='bbox 741 3768 921 3832; x_wconf 88' lang='lat' dir='ltr'><strong>inter</strong></span> <span class='ocrx_word' id='word_1_219' title='bbox 963 3789 1148 3855; x_wconf 83' lang='lat' dir='ltr'><strong>reges</strong></span> <span class='ocrx_word' id='word_1_220' title='bbox 1194 3765 1495 3832; x_wconf 80' lang='lat' dir='ltr'><strong>Franciae</strong></span> <span class='ocrx_word' id='word_1_221' title='bbox 1554 3772 1624 3832; x_wconf 88' lang='lat' dir='ltr'><strong>et</strong></span> <span class='ocrx_word' id='word_1_222' title='bbox 1682 3766 1966 3853; x_wconf 83' lang='lat' dir='ltr'><strong>Angliae,</strong></span> <span class='ocrx_word' id='word_1_223' title='bbox 2020 3788 2298 3833; x_wconf 90' lang='lat' dir='ltr'><strong>numero</strong></span> <span class='ocrx_word' id='word_1_224' title='bbox 2343 3773 2411 3834; x_wconf 88' lang='lat' dir='ltr'><strong>et</strong></span> <span class='ocrx_word' id='word_1_225' title='bbox 2455 3791 2636 3835; x_wconf 86' lang='lat' dir='ltr'><strong>men·</strong></span> <span class='ocrx_word' id='word_1_226' title='bbox 2660 3757 2935 3900; x_wconf 48' lang='lat' dir='ltr'><strong>ffffiuhssp-</strong></span> 
     </span>
    </p>
   </div>
   <div class='ocr_carea' id='block_1_17' title="bbox 537 3869 2955 3999">
    <p class='ocr_par' dir='ltr' id='par_1_17' title="bbox 537 3869 2955 3999">
     <span class='ocr_line' id='line_1_29' title="bbox 537 3869 2955 3999; baseline 0.001 -62"><span class='ocrx_word' id='word_1_227' title='bbox 537 3892 709 3937; x_wconf 87' lang='lat' dir='ltr'><strong>sura.</strong></span> <span class='ocrx_word' id='word_1_228' title='bbox 799 3870 1169 3938; x_wconf 80' lang='lat' dir='ltr'><strong>Constituit</strong></span> <span class='ocrx_word' id='word_1_229' title='bbox 1211 3874 1437 3935; x_wconf 86' lang='lat' dir='ltr'><strong>autem</strong></span> <span class='ocrx_word' id='word_1_230' title='bbox 1483 3891 1603 3935; x_wconf 82' lang='lat' dir='ltr'><strong>rex</strong></span> <span class='ocrx_word' id='word_1_231' title='bbox 1650 3869 1951 3936; x_wconf 70' lang='lat' dir='ltr'><strong>Francius</strong></span> <span class='ocrx_word' id='word_1_232' title='bbox 1996 3892 2080 3935; x_wconf 84' lang='lat' dir='ltr'><strong>ex</strong></span> <span class='ocrx_word' id='word_1_233' title='bbox 2124 3875 2311 3957; x_wconf 89' lang='lat' dir='ltr'><strong>parte</strong></span> <span class='ocrx_word' id='word_1_234' title='bbox 2372 3894 2493 3937; x_wconf 90' lang='lat' dir='ltr'><strong>sua</strong></span> <span class='ocrx_word' id='word_1_235' title='bbox 2550 3872 2635 3939; x_wconf 85' lang='lat' dir='ltr'><strong>ad</strong></span> <span class='ocrx_word' id='word_1_236' title='bbox 2658 3896 2955 3999; x_wconf 40' lang='lat' dir='ltr'><strong>mehe-&lt;²0</strong></span> 
     </span>
    </p>
   </div>
   <div class='ocr_carea' id='block_1_18' title="bbox 537 3972 2913 4060">
    <p class='ocr_par' dir='ltr' id='par_1_18' title="bbox 537 3972 2913 4060">
     <span class='ocr_line' id='line_1_30' title="bbox 537 3972 2913 4060; baseline 0.001 -20"><span class='ocrx_word' id='word_1_237' title='bbox 537 3976 660 4041; x_wconf 90' lang='lat' dir='ltr'><strong>hoc</strong></span> <span class='ocrx_word' id='word_1_238' title='bbox 734 3973 1130 4055; x_wconf 85' lang='lat' dir='ltr'><strong>faciendum,</strong></span> <span class='ocrx_word' id='word_1_239' title='bbox 1208 3974 1586 4060; x_wconf 87' lang='lat' dir='ltr'><strong>Drogonem</strong></span> <span class='ocrx_word' id='word_1_240' title='bbox 1662 3972 1743 4040; x_wconf 90' lang='lat' dir='ltr'><strong>de</strong></span> <span class='ocrx_word' id='word_1_241' title='bbox 1820 3973 2077 4040; x_wconf 91' lang='lat' dir='ltr'><strong>Merlou</strong></span> <span class='ocrx_word' id='word_1_242' title='bbox 2151 3996 2300 4040; x_wconf 92' lang='lat' dir='ltr'><strong>cum</strong></span> <span class='ocrx_word' id='word_1_243' title='bbox 2368 3980 2635 4043; x_wconf 89' lang='lat' dir='ltr'><strong>centum</strong></span> <span class='ocrx_word' id='word_1_244' title='bbox 2659 4000 2711 4043; x_wconf 82' lang='lat' dir='ltr'><strong>or</strong></span> <span class='ocrx_word' id='word_1_245' title='bbox 2732 3998 2913 4053; x_wconf 64' lang='lat' dir='ltr'><strong>rmum</strong></span> 
     </span>
    </p>
   </div>
   <div class='ocr_carea' id='block_1_19' title="bbox 535 4264 2642 4491">
    <p class='ocr_par' dir='ltr' id='par_1_19' title="bbox 535 4264 2642 4491">
     <span class='ocr_line' id='line_1_31' title="bbox 603 4264 2642 4332; baseline 0.001 -13"><span class='ocrx_word' id='word_1_246' title='bbox 603 4267 620 4301; x_wconf 90' lang='lat'>¹</span> <span class='ocrx_word' id='word_1_247' title='bbox 642 4266 891 4330; x_wconf 72' lang='lat' dir='ltr'><strong>Bobaffin,</strong></span> <span class='ocrx_word' id='word_1_248' title='bbox 914 4282 963 4332; x_wconf 88' lang='lat' dir='ltr'><strong>p.</strong></span> <span class='ocrx_word' id='word_1_249' title='bbox 992 4271 1105 4329; x_wconf 83' lang='lat'>182,</span> <span class='ocrx_word' id='word_1_250' title='bbox 1126 4266 1307 4332; x_wconf 77' lang='lat' dir='ltr'><strong>speaks</strong></span> <span class='ocrx_word' id='word_1_251' title='bbox 1324 4264 1381 4316; x_wconf 87' lang='lat' dir='ltr'><strong>of</strong></span> <span class='ocrx_word' id='word_1_252' title='bbox 1395 4264 1537 4316; x_wconf 84' lang='lat' dir='ltr'><strong>three</strong></span> <span class='ocrx_word' id='word_1_253' title='bbox 1632 4271 1828 4317; x_wconf 87' lang='lat' dir='ltr'><strong>correct</strong></span> <span class='ocrx_word' id='word_1_254' title='bbox 1872 4280 1985 4328; x_wconf 86' lang='lat' dir='ltr'><strong>one,</strong></span> <span class='ocrx_word' id='word_1_255' title='bbox 2027 4267 2129 4316; x_wconf 84' lang='lat' dir='ltr'><strong>and</strong></span> <span class='ocrx_word' id='word_1_256' title='bbox 2172 4266 2259 4317; x_wconf 87' lang='lat' dir='ltr'><strong>the</strong></span> <span class='ocrx_word' id='word_1_257' title='bbox 2301 4267 2528 4320; x_wconf 87' lang='lat' dir='ltr'><strong>mention</strong></span> <span class='ocrx_word' id='word_1_258' title='bbox 2583 4271 2642 4321; x_wconf 84' lang='lat' dir='ltr'><strong>of</strong></span> 
     </span>
     <span class='ocr_line' id='line_1_32' title="bbox 535 4344 2635 4414; baseline 0 -15"><span class='ocrx_word' id='word_1_259' title='bbox 535 4348 771 4414; x_wconf 83' lang='lat' dir='ltr'><strong>monthly</strong></span> <span class='ocrx_word' id='word_1_260' title='bbox 793 4346 1109 4398; x_wconf 83' lang='lat' dir='ltr'><strong>instalments</strong></span> <span class='ocrx_word' id='word_1_261' title='bbox 1145 4347 1218 4410; x_wconf 79' lang='lat' dir='ltr'><strong>by</strong></span> <span class='ocrx_word' id='word_1_262' title='bbox 1251 4345 1419 4396; x_wconf 75' lang='lat' dir='ltr'><strong>which</strong></span> <span class='ocrx_word' id='word_1_263' title='bbox 1452 4344 1538 4395; x_wconf 89' lang='lat' dir='ltr'><strong>the</strong></span> <span class='ocrx_word' id='word_1_264' title='bbox 1630 4346 1768 4411; x_wconf 85' lang='lat' dir='ltr'><strong>forty</strong></span> <span class='ocrx_word' id='word_1_265' title='bbox 1789 4346 1916 4412; x_wconf 80' lang='lat' dir='ltr'><strong>days</strong></span> <span class='ocrx_word' id='word_1_266' title='bbox 1943 4346 1996 4395; x_wconf 88' lang='lat' dir='ltr'><strong>in</strong></span> <span class='ocrx_word' id='word_1_267' title='bbox 2019 4346 2104 4397; x_wconf 86' lang='lat' dir='ltr'><strong>the</strong></span> <span class='ocrx_word' id='word_1_268' title='bbox 2136 4351 2249 4396; x_wconf 82' lang='lat' dir='ltr'><strong>text</strong></span> <span class='ocrx_word' id='word_1_269' title='bbox 2283 4347 2329 4397; x_wconf 87' lang='lat' dir='ltr'><strong>is</strong></span> <span class='ocrx_word' id='word_1_270' title='bbox 2366 4354 2421 4397; x_wconf 80' lang='lat' dir='ltr'><strong>to</strong></span> <span class='ocrx_word' id='word_1_271' title='bbox 2454 4350 2518 4399; x_wconf 92' lang='lat' dir='ltr'><strong>be</strong></span> <span class='ocrx_word' id='word_1_272' title='bbox 2552 4365 2635 4400; x_wconf 82' lang='lat' dir='ltr'><strong>ac-</strong></span> 
     </span>
     <span class='ocr_line' id='line_1_33' title="bbox 535 4424 2632 4491; baseline 0.001 -14"><span class='ocrx_word' id='word_1_273' title='bbox 535 4442 739 4478; x_wconf 79' lang='lat' dir='ltr'><strong>ransom</strong></span> <span class='ocrx_word' id='word_1_274' title='bbox 774 4440 880 4477; x_wconf 74' lang='lat' dir='ltr'><strong>was</strong></span> <span class='ocrx_word' id='word_1_275' title='bbox 923 4432 977 4476; x_wconf 80' lang='lat' dir='ltr'><strong>to</strong></span> <span class='ocrx_word' id='word_1_276' title='bbox 1016 4426 1080 4476; x_wconf 90' lang='lat' dir='ltr'><strong>be</strong></span> <span class='ocrx_word' id='word_1_277' title='bbox 1117 4424 1263 4486; x_wconf 80' lang='lat' dir='ltr'><strong>paid3</strong></span> <span class='ocrx_word' id='word_1_278' title='bbox 1305 4426 1407 4475; x_wconf 86' lang='lat' dir='ltr'><strong>and</strong></span> <span class='ocrx_word' id='word_1_279' title='bbox 1444 4440 1539 4475; x_wconf 86' lang='lat' dir='ltr'><strong>our</strong></span> <span class='ocrx_word' id='word_1_280' title='bbox 1632 4426 1850 4475; x_wconf 86' lang='lat' dir='ltr'><strong>counted</strong></span> <span class='ocrx_word' id='word_1_281' title='bbox 1890 4424 1973 4475; x_wconf 81' lang='lat' dir='ltr'><strong>for</strong></span> <span class='ocrx_word' id='word_1_282' title='bbox 2004 4426 2076 4491; x_wconf 77' lang='lat' dir='ltr'><strong>by</strong></span> <span class='ocrx_word' id='word_1_283' title='bbox 2105 4425 2193 4476; x_wconf 90' lang='lat' dir='ltr'><strong>the</strong></span> <span class='ocrx_word' id='word_1_284' title='bbox 2230 4426 2336 4477; x_wconf 82' lang='lat' dir='ltr'><strong>fact</strong></span> <span class='ocrx_word' id='word_1_285' title='bbox 2373 4427 2484 4478; x_wconf 83' lang='lat' dir='ltr'><strong>that</strong></span> <span class='ocrx_word' id='word_1_286' title='bbox 2520 4429 2632 4479; x_wconf 86' lang='lat' dir='ltr'><strong>that</strong></span> 
     </span>
    </p>
   </div>
   <div class='ocr_carea' id='block_1_20' title="bbox 531 4504 2633 4895">
    <p class='ocr_par' dir='ltr' id='par_1_20' title="bbox 532 4504 2633 4809">
     <span class='ocr_line' id='line_1_34' title="bbox 536 4504 2633 4571; baseline -0 -12"><span class='ocrx_word' id='word_1_287' title='bbox 536 4508 720 4559; x_wconf 83' lang='lat' dir='ltr'><strong>author</strong></span> <span class='ocrx_word' id='word_1_288' title='bbox 744 4505 1039 4571; x_wconf 79' lang='lat' dir='ltr'><strong>apparently</strong></span> <span class='ocrx_word' id='word_1_289' title='bbox 1059 4504 1276 4570; x_wconf 81' lang='lat' dir='ltr'><strong>thought</strong></span> <span class='ocrx_word' id='word_1_290' title='bbox 1308 4504 1420 4555; x_wconf 87' lang='lat' dir='ltr'><strong>that</strong></span> <span class='ocrx_word' id='word_1_291' title='bbox 1450 4505 1537 4554; x_wconf 88' lang='lat' dir='ltr'><strong>the</strong></span> <span class='ocrx_word' id='word_1_292' title='bbox 1630 4504 1754 4556; x_wconf 89' lang='lat' dir='ltr'><strong>time</strong></span> <span class='ocrx_word' id='word_1_293' title='bbox 1810 4504 2034 4570; x_wconf 83' lang='lat' dir='ltr'><strong>actually</strong></span> <span class='ocrx_word' id='word_1_294' title='bbox 2077 4506 2289 4568; x_wconf 85' lang='lat' dir='ltr'><strong>expired</strong></span> <span class='ocrx_word' id='word_1_295' title='bbox 2343 4506 2512 4557; x_wconf 83' lang='lat' dir='ltr'><strong>before</strong></span> <span class='ocrx_word' id='word_1_296' title='bbox 2545 4508 2633 4558; x_wconf 88' lang='lat' dir='ltr'><strong>the</strong></span> 
     </span>
     <span class='ocr_line' id='line_1_35' title="bbox 535 4583 2630 4648; baseline 0 -11"><span class='ocrx_word' id='word_1_297' title='bbox 535 4589 658 4637; x_wconf 86' lang='lat' dir='ltr'><strong>time</strong></span> <span class='ocrx_word' id='word_1_298' title='bbox 692 4586 906 4637; x_wconf 82' lang='lat' dir='ltr'><strong>allowed</strong></span> <span class='ocrx_word' id='word_1_299' title='bbox 935 4585 1099 4634; x_wconf 85' lang='lat' dir='ltr'><strong>ended</strong></span> <span class='ocrx_word' id='word_1_300' title='bbox 1138 4600 1202 4634; x_wconf 90' lang='lat' dir='ltr'><strong>on</strong></span> <span class='ocrx_word' id='word_1_301' title='bbox 1240 4583 1328 4634; x_wconf 91' lang='lat' dir='ltr'><strong>the</strong></span> <span class='ocrx_word' id='word_1_302' title='bbox 1363 4584 1449 4633; x_wconf 72' lang='lat' dir='ltr'><strong>eth</strong></span> <span class='ocrx_word' id='word_1_303' title='bbox 1484 4583 1543 4633; x_wconf 84' lang='lat' dir='ltr'><strong>of</strong></span> <span class='ocrx_word' id='word_1_304' title='bbox 1630 4584 1810 4648; x_wconf 81' lang='lat' dir='ltr'><strong>pledge</strong></span> <span class='ocrx_word' id='word_1_305' title='bbox 1834 4584 1893 4633; x_wconf 88' lang='lat' dir='ltr'><strong>of</strong></span> <span class='ocrx_word' id='word_1_306' title='bbox 1910 4583 2115 4635; x_wconf 84' lang='lat' dir='ltr'><strong>Saladin</strong></span> <span class='ocrx_word' id='word_1_307' title='bbox 2139 4600 2243 4634; x_wconf 78' lang='lat' dir='ltr'><strong>was</strong></span> <span class='ocrx_word' id='word_1_308' title='bbox 2266 4585 2511 4646; x_wconf 82' lang='lat' dir='ltr'><strong>forfeited,</strong></span> <span class='ocrx_word' id='word_1_309' title='bbox 2529 4589 2630 4638; x_wconf 88' lang='lat' dir='ltr'><strong>and</strong></span> 
     </span>
     <span class='ocr_line' id='line_1_36' title="bbox 535 4663 2629 4733; baseline 0 -16"><span class='ocrx_word' id='word_1_310' title='bbox 535 4668 765 4732; x_wconf 78' lang='lat' dir='ltr'><strong>August:</strong></span> <span class='ocrx_word' id='word_1_311' title='bbox 799 4665 885 4715; x_wconf 88' lang='lat' dir='ltr'><strong>the</strong></span> <span class='ocrx_word' id='word_1_312' title='bbox 911 4664 1237 4715; x_wconf 84' lang='lat' dir='ltr'><strong>Itinerarium</strong></span> <span class='ocrx_word' id='word_1_313' title='bbox 1271 4678 1449 4728; x_wconf 81' lang='lat' dir='ltr'><strong>argues</strong></span> <span class='ocrx_word' id='word_1_314' title='bbox 1482 4679 1537 4714; x_wconf 84' lang='lat' dir='ltr'><strong>as</strong></span> <span class='ocrx_word' id='word_1_315' title='bbox 1630 4664 1717 4714; x_wconf 87' lang='lat' dir='ltr'><strong>the</strong></span> <span class='ocrx_word' id='word_1_316' title='bbox 1749 4664 1980 4731; x_wconf 80' lang='lat' dir='ltr'><strong>hostages</strong></span> <span class='ocrx_word' id='word_1_317' title='bbox 2017 4665 2316 4725; x_wconf 80' lang='lat' dir='ltr'><strong>massacred,</strong></span> <span class='ocrx_word' id='word_1_318' title='bbox 2338 4663 2454 4727; x_wconf 64' lang='lat' dir='ltr'><strong>viz„</strong></span> <span class='ocrx_word' id='word_1_319' title='bbox 2489 4665 2629 4733; x_wconf 81' lang='lat' dir='ltr'><strong>Aug.</strong></span> 
     </span>
     <span class='ocr_line' id='line_1_37' title="bbox 532 4742 1711 4809; baseline 0.001 -15"><span class='ocrx_word' id='word_1_320' title='bbox 532 4746 595 4795; x_wconf 48' lang='lat' dir='ltr'><strong>if*</strong></span> <span class='ocrx_word' id='word_1_321' title='bbox 615 4745 653 4795; x_wconf 85' lang='lat' dir='ltr'><strong>it</strong></span> <span class='ocrx_word' id='word_1_322' title='bbox 686 4744 896 4809; x_wconf 85' lang='lat' dir='ltr'><strong>expired</strong></span> <span class='ocrx_word' id='word_1_323' title='bbox 935 4751 987 4793; x_wconf 82' lang='lat' dir='ltr'><strong>at</strong></span> <span class='ocrx_word' id='word_1_324' title='bbox 1023 4742 1110 4793; x_wconf 84' lang='lat' dir='ltr'><strong>the</strong></span> <span class='ocrx_word' id='word_1_325' title='bbox 1154 4743 1252 4793; x_wconf 87' lang='lat' dir='ltr'><strong>end</strong></span> <span class='ocrx_word' id='word_1_326' title='bbox 1297 4743 1359 4793; x_wconf 82' lang='lat' dir='ltr'><strong>of</strong></span> <span class='ocrx_word' id='word_1_327' title='bbox 1392 4742 1534 4808; x_wconf 76' lang='lat' dir='ltr'><strong>July.</strong></span> <span class='ocrx_word' id='word_1_328' title='bbox 1631 4748 1711 4795; x_wconf 81' lang='lat'><strong>20.</strong></span> 
     </span>
    </p>

    <p class='ocr_par' dir='ltr' id='par_1_21' title="bbox 531 4821 1536 4895">
     <span class='ocr_line' id='line_1_38' title="bbox 531 4821 1536 4895; baseline -0.004 -17"><span class='ocrx_word' id='word_1_329' title='bbox 531 4825 791 4895; x_wconf 74' lang='lat' dir='ltr'><strong>Probably</strong></span> <span class='ocrx_word' id='word_1_330' title='bbox 828 4823 1107 4875; x_wconf 82' lang='lat' dir='ltr'><strong>Bohadin’s</strong></span> <span class='ocrx_word' id='word_1_331' title='bbox 1134 4822 1338 4874; x_wconf 80' lang='lat' dir='ltr'><strong>version</strong></span> <span class='ocrx_word' id='word_1_332' title='bbox 1371 4821 1416 4874; x_wconf 85' lang='lat' dir='ltr'><strong>is</strong></span> <span class='ocrx_word' id='word_1_333' title='bbox 1449 4823 1536 4874; x_wconf 86' lang='lat' dir='ltr'><strong>the</strong></span> 
     </span>
    </p>
   </div>
  </div>
 </body>
</html>
