3585 5863
1361 819 1651 870 nmror
1697 820 2016 872 saeuum.
2665 805 2752 877 47

354 998 545 1050 Μ
645 992 888 1069 Aneth,
935 991 1194 1058 scilicet
1236 991 1677 1072 Danevillam,
1723 998 1795 1057 et
1854 992 2103 1057 multas
2170 991 2333 1057 alias
2384 992 2621 1073 villas3
2684 997 2753 1059 et
2808 1010 3052 1056 Annas

295 2845 547 2898 Hoveden,

297 2898 393 2943 ³⁷0.
411 2909 456 2943 a.
473 2901 540 2943 Β.

287 4193 541 4291 ἒΐὲἵὲ

1741 1093 1757 1107 .
1816 1094 1830 1107 .
2550 1095 2564 1108 .
2842 1062 2967 1115 Sept.
2983 1067 3023 1106 1.

643 1094 900 1181 praedas
943 1093 1413 1173 abduxerunt3
1471 1099 1541 1159 et
1582 1115 1838 1158 nemim
1881 1098 2229 1181 parcentes
2272 1117 2500 1161 omnes
2544 1099 2750 1160 mter·
2772 1125 2866 1169 aaa
2881 1127 3016 1169 othe,-

644 1197 946 1263 fecerunt
988 1217 1151 1282 quos
1195 1194 1612 1261 invenerunt.
2773 1180 2934 1221 “m’'

735 1299 990 1365 Eodem
1058 1299 1167 1364 die
1229 1319 1447 1364 comes
1509 1297 1883 1365 Willelmus
1945 1298 2027 1364 de
2096 1298 2510 1365 Mandevilla
2575 1323 2748 1366 com·
2772 1313 3050 1410 {affinemvffi

651 1403 864 1469 bussit
928 1402 1162 1468 villam
1226 1403 1309 1468 de
1369 1403 1616 1470 Sancto
1663 1403 1877 1480 Claro,
1922 1424 2074 1490 quae
2139 1409 2242 1471 est
2306 1405 2388 1470 de
2456 1405 2747 1471 dominio
2772 1416 2917 1459 burn·
2934 1416 2977 1461 S·

645 1505 818 1593 regis
882 1505 1229 1585 Franciae3
1302 1510 1373 1571 et
1439 1507 1740 1571 vastavit
1800 1505 2169 1593 virgnfltum
2231 1506 2744 1593 pulcherrimum
2772 1466 2909 1511 ⁰¹⁸¹*

646 1630 841 1695 quem
886 1607 1026 1694 ipse
1069 1629 1191 1673 rex
1233 1606 1669 1694 plantaverat.

738 1709 990 1776 Eodem
1037 1709 1148 1775 die
1191 1730 1312 1775 rex
1340 1708 1607 1796 Angliae
1651 1730 1803 1775 cum
1850 1710 2076 1797 paucis
2100 1709 2436 1775 militibus
2463 1710 2749 1776 intravit
2772 1733 2926 1786 Philip
2945 1746 3044 1787 pro-

646 1817 895 1879 temm
956 1810 1129 1899 regis
1191 1810 1507 1892 Francius,
1555 1815 1636 1877 ut
1696 1812 2065 1877 infirmiora
2122 1813 2417 1899 partium
2483 1813 2747 1878 inarum
2770 1795 2902 1838 ”⁰⁸⁰⁸
2917 1797 3066 1838 W*

648 1916 1040 2002 exploraret.
1131 1914 1370 2001 Ibique
1412 1919 1746 1981 venerunt
1791 1915 2023 1980 nuncii
2065 1916 2240 2002 regis
2271 1914 2584 1994 Franciae,
2632 1916 2747 2002 qui

647 2039 873 2104 pacem
917 2016 1214 2103 rogabat,
1244 2021 1314 2083 et
1357 2016 1677 2084 offerebat
1725 2018 1785 2083 ei
1830 2022 2077 2083 terram
2123 2038 2325 2103 quam
2368 2039 2566 2105 super
2595 2040 2748 2084 eum

648 2125 1088 2206 occupaverat
1148 2120 1223 2184 in
1267 2120 1512 2187 Betria.
1605 2120 1870 2187 Deinde
1914 2121 2091 2186 inter
2158 2142 2270 2187 eos
2315 2119 2550 2187 habito
2594 2143 2746 2187 con·
2771 2143 3051 2189 contumace

650 2222 801 2288 silio
845 2222 1024 2310 apud
1070 2221 1455 2302 Gisortium,
1505 2244 1655 2289 cum
1701 2224 1882 2289 inter
1926 2222 2075 2288 illos
2120 2223 2202 2289 de
2246 2246 2402 2311 pace
2447 2223 2748 2290 facienda
2772 2196 2821 2238 ²⁶
2839 2195 3008 2240 ⁶⁵⁸⁰*

644 2346 778 2391 non
868 2325 1196 2412 potuisset
1267 2326 1642 2406 convenire,
1720 2347 1840 2392 rex
1916 2325 2216 2392 Franciae
2288 2326 2362 2391 in
2434 2327 2604 2391 iram
2678 2332 2748 2392 et
2771 2349 2927 2403 thp
2944 2355 3049 2396 ena

2771 2401 2905 2444 down
2923 2403 3004 2447 the
3132 2409 3137 2415 ’

647 2427 1176 2514 indignationem
1268 2432 1653 2505 commotus,
1719 2428 1999 2493 succidit
2073 2428 2329 2493 ulmum
2412 2428 2630 2514 quand
2638 2450 2746 2493 am
2770 2456 2901 2543 ἕω
2918 2454 3009 2497 e1m

645 2528 1154 2616 pulcherrimam
1216 2528 1397 2595 inter
1461 2529 1831 2595 Gisortium
1894 2534 1965 2595 et
2015 2528 2188 2610 Trie,
2236 2530 2353 2595 ubi
2420 2530 2747 2615 colloquia
2770 2505 2986 2646 grigffi

643 2631 874 2697 haberi
943 2630 1243 2697 solebant
1317 2632 1498 2697 inter
1560 2653 1746 2722 reges
1813 2631 2110 2699 Franciae
2176 2636 2246 2698 et
2310 2632 2507 2698 duces
2571 2633 2744 2697 Nor·
2813 2615 2943 2649 '⁸⁰¹⁸'

641 2733 971 2800 manniae.¹

731 2836 1009 2902 Interim
1080 2837 1412 2923 quoddam
1481 2835 1784 2903 mirabile
1850 2837 2139 2924 contigit
2201 2836 2274 2901 in
2317 2835 2599 2924 Anglia:
2670 2836 2744 2901 in
2805 2852 2985 2905 August
3002 2858 3039 2898 ο.

639 2940 872 3028 vigilia
915 2961 1200 3025 namque
1263 2939 1445 3006 beati
1491 2940 1842 3006 Laurentii
1902 2941 2236 3026 martyris,
2295 2940 2463 3006 feria
2523 2941 2743 3019 tertia,
2767 2915 3072 3020 &3¹33an

642 3043 809 3109 circa
874 3042 1105 3108 horam
1169 3042 1303 3109 diei
1371 3064 1633 3123 nonam,
1679 3042 1861 3131 apud
1922 3044 2155 3109 villam
2224 3042 2306 3109 de
2350 3042 2743 3130 Dunstaple‚
2768 3019 3024 3112 issesshsstw

640 3146 855 3233 aperti
928 3150 1091 3211 sunt
1154 3146 1306 3211 coeli
1369 3167 1565 3233 super
1631 3168 1795 3225 eam,
1865 3153 1936 3212 et
2000 3147 2230 3212 multis
2293 3151 2435 3211 tam
2497 3147 2746 3212 clericis
2768 3120 3039 3165 mle·

638 3269 835 3335 quam
880 3247 1067 3313 laicis
1129 3247 1522 3314 videntibus
1590 3250 1901 3335 apparuit
1966 3271 2129 3315 crux
2195 3249 2499 3336 quaedam
2543 3249 2745 3336 longa

643 3351 847 3416 nimis
912 3354 984 3415 et
1026 3348 1215 3416 mirae
1273 3350 1773 3439 magnitudinis,
1866 3349 1958 3417 Et
2016 3352 2326 3439 apparuit
2368 3352 2442 3416 in
2487 3374 2565 3417 ea
2610 3351 2746 3417 Do-

636 3454 860 3518 minus
904 3456 1134 3536 noster
1173 3452 1222 3517 J
1223 3474 1371 3518 esus
1406 3453 1712 3520 Christus
1758 3453 1967 3519 clavis
2011 3454 2351 3534 confixus3
2396 3460 2464 3519 et
2507 3475 2744 3520 manus

636 3556 776 3641 ejus
822 3559 1116 3621 extentae
1179 3559 1371 3620 erant
1415 3555 1489 3620 in
1536 3555 1878 3642 patibulo;
1924 3560 1993 3621 et
2037 3555 2251 3641 plagae
2303 3577 2626 3621 manuum
2674 3561 2744 3621 et

634 3657 876 3743 pedum
925 3661 994 3723 et
1037 3657 1272 3723 lateris
1317 3657 1481 3743 Ejus
1527 3663 1723 3724 erant
1769 3657 2317 3745 sanguinolentae,
2363 3662 2432 3723 et
2476 3659 2747 3745 sanguis

638 3759 985 3839 defluebat,
1034 3759 1151 3825 sed
1217 3781 1354 3825 non
1398 3760 1471 3825 in
1515 3765 1783 3827 terram.
1874 3760 2040 3826 Erat
2085 3765 2309 3826 autem
2355 3759 2497 3825 haec
2540 3781 2743 3847 appa-

635 3862 792 3928 ritio
838 3862 1150 3928 continua
1178 3863 1264 3927 ab
1307 3863 1471 3929 hora
1514 3863 1649 3929 diei
1693 3885 1872 3929 nona
1898 3884 2108 3951 usque
2152 3863 2224 3928 in
2256 3862 2725 3949 crepusculum.

726 3965 979 4033 Eodem
1023 3988 1197 4031 anno
1243 3966 1445 4053 Hugo
1493 3968 1576 4033 de
1642 3965 1712 4031 N
1715 3972 1930 4032 unant
1992 3971 2402 4033 consecratus
2447 3969 2552 4030 est
2612 3965 2746 4053 epi·
2771 3980 2915 4035 Ηυκιι
2933 3986 2987 4028 of

638 4090 867 4156 scopus
898 4069 1185 4148 Cestriae,
1218 4090 1261 4134 a
1305 4069 1692 4136 Baldewino
1740 4071 2204 4138 Cantuariensi
2245 4057 2742 4155 archiepiscopo,
2770 4032 3082 4132 {moon-

728 4171 819 4238 Et
881 4173 1110 4238 eodem
1176 4193 1353 4238 anno
1420 4173 1694 4260 quidam
1760 4173 1966 4239 frater
2033 4173 2290 4260 Templi
2351 4172 2742 4250 Jerusalem,
2770 4189 2951 4235 subere
2969 4193 3020 4235 or

638 4275 902 4340 nomine
948 4273 1325 4340 Gilebertus
1394 4275 1475 4341 de
1543 4273 1940 4363 Hogestan?
2007 4297 2203 4361 quem
2274 4274 2580 4340 dominus
2622 4295 2742 4339 rex
2769 4241 3045 4350 Ηὲἶῗέζῖο,

637 4378 1072 4443 constituerat
1130 4398 1280 4442 cum
1325 4376 1574 4443 clericis
1640 4379 1779 4444 suis
1847 4377 1934 4443 ad
1997 4377 2280 4443 decimas
2326 4377 2739 4463 colligendas,
2768 4370 2995 4426 Templa,

707 4604 723 4636 ¹
747 4605 808 4655 R.
832 4605 1020 4656 Diceto
1040 4606 1184 4671 gives
1222 4606 1311 4657 the
1346 4608 1460 4658 date
1489 4607 1551 4657 of
1575 4607 1661 4657 the
1683 4608 2025 4658 conference“
2048 4609 2106 4658 17
2131 4606 2231 4657 kal.
2255 4605 2444 4672 Sept?
2467 4606 2672 4674 placing
2692 4608 2742 4658 it

636 4682 803 4735 herote
825 4685 1049 4750 Hem-y’s
1069 4686 1294 4737 advance
1314 4693 1369 4737 to
1389 4686 1611 4739 Manten.

706 4762 729 4796 ²
760 4763 1043 4831 Hoqman]
1083 4763 1348 4832 Ogermn,
1368 4765 1638 4819 Hoveden.
