3585 5863
1577 891 1882 939 RIGARDI.
2652 879 2778 941 153

775 1058 798 1096 ¹
825 1060 916 1125 Et
960 1082 1313 1127 conversus
1355 1062 1442 1127 ad
1485 1084 1707 1150 regem
1750 1063 2021 1150 Angliae
2080 1064 2193 1142 ait,
2267 1069 2304 1099 “
2335 1062 2501 1130 Haec
2560 1063 2782 1129 omnia
2837 1081 2948 1125 an.
2964 1084 3081 1125 1191.

683 1167 721 1195 “
764 1163 1131 1228 reservavit
1174 1163 1499 1229 Dominus
1561 1170 1629 1230 et
1703 1186 1820 1250 per
1883 1169 1953 1230 te
2019 1165 2167 1230 fieri
2233 1166 2596 1252 permittet,
2647 1165 2779 1244 Qui
2802 1148 3081 1243 ξίίῗξῗοὲξ.

681 1270 717 1295 “
763 1264 952 1329 dabit
983 1265 1110 1330 tibi
1158 1266 1241 1331 de
1286 1266 1575 1331 inimicis
1605 1267 1740 1332 tuis
1769 1266 2137 1347 victoriam,
2203 1272 2273 1332 et
2338 1269 2490 1354 Ipse
2541 1289 2780 1332 nomen
2802 1250 2940 1293 '¹⁰⁰⁸‘

681 1372 712 1399 “
759 1370 952 1431 tuum
994 1368 1391 1453 glorificabit
1420 1369 1490 1432 in
1522 1374 1866 1448 aeternum,
1897 1374 1966 1434 et
1993 1375 2071 1434 tu
2106 1370 2333 1455 Ipsum
2364 1369 2781 1456 glorificabis,

684 1473 716 1500 “
763 1473 832 1533 et
877 1470 949 1532 in
1009 1474 1078 1534 te
1128 1470 1282 1556 Ipse
1342 1469 1846 1557 glorificabitur,
1893 1471 1949 1534 si
1995 1470 2068 1534 in
2131 1492 2325 1557 opere
2371 1478 2590 1558 coepto
2635 1493 2781 1558 per-

684 1574 719 1601 “
762 1570 1219 1636 severaveris.’'
1313 1580 1348 1605 “
1379 1571 1472 1637 Et
1515 1594 1687 1637 unus
1734 1572 2032 1637 nondum
2078 1571 2323 1650 venit‚''
2367 1574 2440 1638 id
2492 1577 2594 1638 est
2636 1573 2780 1637 An·
2802 1580 3062 1627 Antiohsiat.

679 1671 1036 1737 tichristus.
1152 1673 1253 1738 De
1320 1673 1449 1738 isto
1501 1674 1920 1740 Antichristo
1987 1675 2149 1740 dicit
2223 1677 2399 1742 idem
2446 1675 2651 1740 abbas
2697 1675 2777 1741 de
2801 1631 2941 1775 ἓξὲξ
2954 1635 3045 1727 tls

682 1773 976 1851 Ouraci0‚
1021 1775 1268 1840 sentire
1321 1776 1496 1861 quod
1530 1776 1673 1862 jam
1735 1780 1937 1840 natus
1983 1781 2100 1857 est,
2150 1777 2524 1862 quindecim
2571 1798 2779 1842 annos
2802 1732 3079 1877 ggrffiu

678 1874 927 1940 habens
991 1899 1034 1940 a
1101 1877 1511 1943 nativitate:
1584 1878 1700 1943 sed
1765 1878 1839 1942 in
1908 1883 2233 1964 potestate
2295 1901 2415 1944 sua
2476 1880 2771 1943 nondum
2797 1893 2930 1935 50⁸1*
2944 1885 3036 1930 old·

679 1977 880 2043 venit.

762 2079 1276 2146 Admirantibus
1337 2085 1562 2146 autem
1625 2082 1884 2147 eunctis
1943 2103 2138 2167 super
2181 2082 2285 2146 his
2329 2104 2478 2168 quae
2524 2082 2610 2147 ab
2656 2081 2773 2146 illo
2797 2090 3007 2186 &dmm

677 2181 1053 2260 audiebant,
1115 2182 1293 2248 dixit
1337 2183 1399 2248 ei
1444 2205 1563 2249 rex
1624 2191 1659 2219 “
1687 2183 1828 2249 Ubi
1876 2190 1976 2249 est
2022 2184 2479 2251 Antichristus
2524 2190 2727 2249 natus
2753 2187 2774 2247 2
2796 2191 3111 2287 {ffilffifflff'd

677 2291 712 2317 “
754 2283 846 2348 Et
912 2284 1029 2348 ubi
1105 2289 1500 2370 regnaturus
1573 2289 1675 2350 est
1705 2284 1784 2349 2”
1896 2286 2263 2372 Respondit
2339 2286 2400 2351 ei
2472 2286 2515 2351 J
2520 2286 2772 2351 oachim
2796 2291 2999 2385 {23¹⁸ss

676 2405 891 2450 coram
945 2385 1239 2452 Waltero
1304 2386 1771 2473 Rotomagensi
1832 2387 2332 2474 archiepiscopo,
2379 2388 2461 2453 N.
2510 2388 2592 2453 de
2636 2386 2773 2472 Ap·
2796 2354 2959 2484 3¹03?
2972 2393 3066 2436 and

675 2487 913 2570 pamia,
960 2492 1032 2553 et
1077 2487 1358 2554 Girardo
1390 2488 1719 2553 Auxiensi
1765 2488 2308 2574 archiepiscopis;
2354 2495 2423 2554 et
2464 2489 2511 2554 J
2514 2488 2772 2552 ohanne
2796 2455 3083 2587 issesfftffi

675 2587 1077 2670 Ebroicensi,
1123 2596 1191 2656 et
1236 2590 1575 2654 Bernardo
1617 2590 1990 2670 Baoniensi,
2047 2590 2383 2677 episcopis,
2437 2596 2506 2655 et
2556 2610 2771 2654 coram

673 2690 903 2755 multis
978 2691 1129 2757 aliis
1197 2692 1492 2757 honestis
1560 2690 1723 2757 viris
1790 2698 1929 2757 tam
1999 2692 2247 2757 clericis
2315 2713 2513 2778 quam
2567 2691 2770 2771 laiciS,

675 2793 850 2877 quod
880 2794 1337 2859 Antichristus
1381 2794 1497 2858 ille
1543 2793 1614 2856 in
1659 2794 1826 2859 urbe
1874 2795 2173 2859 Romana
2206 2793 2347 2879 jam
2392 2808 2592 2859 natus
2638 2814 2773 2857 esse

564 2937 578 2957 .
675 2894 979 2975 creditur,
1027 2901 1096 2961 et
1142 2896 1216 2961 in
1259 2916 1338 2961 ea
1381 2895 1600 2961 sedem
1647 2895 2069 2982 apostolicam
2111 2894 2464 2975 obtinebit,
2513 2895 2594 2961 de
2641 2915 2770 2979 quo

674 2996 836 3061 (licit
899 2997 1277 3084 Apostolus,
1349 3003 1386 3032 “
1418 3002 1488 3062 et
1548 2998 1940 3063 adversatur
2006 3003 2076 3063 et
2144 2997 2495 3063 extollitur
2569 3019 2772 3083 supra

744 3270 756 3301 ¹
795 3271 1085 3321 Hoveden’s
1141 3269 1416 3321 variations
1471 3277 1523 3320 at
1569 3270 1673 3319 this
1769 3269 1881 3318 who
1928 3283 2029 3319 was
2074 3275 2167 3318 not
2210 3268 2385 3327 killed,
2429 3270 2519 3319 but
2568 3268 2683 3319 died
2740 3285 2769 3319 a

670 3349 814 3413 point
834 3364 919 3399 are
940 3364 998 3399 so
1019 3363 1144 3414 very
1159 3349 1362 3399 carious
1377 3349 1484 3399 that
1507 3350 1535 3398 1
1556 3348 1673 3413 give
1764 3351 1959 3402 natural
1982 3351 2155 3410 ὀρθῶς
2181 3352 2280 3400 and
2297 3350 2465 3401 before
2482 3351 2569 3401 the
2592 3350 2770 3401 failure

673 3428 806 3477 them
850 3428 967 3478 here
1012 3427 1065 3476 in
1109 3428 1216 3478 fun.
1283 3428 1489 3478 Instead
1527 3428 1589 3477 of
1622 3428 1672 3476 in
1717 3416 1722 3457 ¹
1762 3430 1827 3478 of
1840 3430 2108 3479 Richard’s
2131 3431 2356 3489 eumatio,
2379 3429 2467 3479 the
2489 3444 2687 3480 sueoess
2717 3431 2777 3480 of

671 3507 942 3556 servitutem
965 3505 1152 3573 rediyit,
1173 3507 1239 3556 he
1274 3522 1395 3572 goes
1427 3522 1510 3567 011,
1535 3512 1566 3535 “
1589 3522 1672 3555 oe·
1715 3476 1721 3541 ¹
1763 3507 1933 3557 which
1955 3508 2000 3558 is
2022 3507 2142 3558 here
2165 3507 2437 3571 predicted.
2506 3508 2767 3578 Hoveden,

671 3588 702 3613 “
737 3590 970 3649 cupatam
1037 3585 1242 3645 detinet,
1301 3587 1388 3636 sed
1453 3584 1559 3650 ipse
1615 3584 1669 3634 111
1714 3546 1720 3678 ἰ
1761 3602 1827 3636 011
1850 3587 1937 3636 the
1962 3586 2107 3636 other
2127 3585 2280 3647 hand,
2304 3585 2510 3651 writing
2531 3586 2659 3636 aster
2679 3585 2766 3636 the

674 3668 704 3691 “
739 3664 970 3727 proximo
991 3666 1166 3728 perdet
1200 3665 1355 3714 illam.
1424 3665 1571 3715 Tune
1593 3665 1671 3713 in·
1712 3680 1719 3747 Ι
1761 3673 1928 3725 event,
1950 3663 2237 3715 retrenehes
2260 3665 2328 3714 all
2364 3664 2474 3714 that
2495 3664 2539 3714 is
2560 3664 2767 3714 definite

672 3747 701 3769 ‘⁶
738 3744 1012 3807 terrogavit
1049 3757 1144 3793 rex
1165 3743 1387 3809 Angliae,
1423 3748 1437 3770 ‘
1454 3744 1670 3806 Quando
1759 3744 1816 3793 in
1838 3744 1923 3794 the
1946 3743 2203 3808 prophecy
2216 3743 2434 3808 relating
2451 3751 2505 3794 to
2526 3744 2765 3802 Richard,

671 3826 714 3867 “.
736 3819 830 3871 erit
848 3820 993 3871 hoc?
1027 3820 1126 3872 Cui
1144 3821 1182 3872 J
1182 3821 1382 3872 oachim
1398 3821 1670 3886 respondit,
1760 3824 1862 3873 and
1883 3823 2033 3873 omits
2056 3823 2123 3872 all
2146 3821 2398 3873 reference
2420 3830 2474 3872 to
2505 3822 2592 3872 the
2614 3823 2764 3872 death

669 3903 700 3927 ‘⁴
737 3905 750 3927 ‘
776 3901 988 3963 Quando
1011 3909 1197 3964 septem
1211 3900 1334 3950 anni
1352 3901 1506 3965 elapsi
1524 3907 1671 3951 erunt
1758 3903 1820 3952 of
1836 3901 2057 3952 Saladin.
2126 3902 2176 3951 It
2197 3901 2242 3952 is
2264 3901 2497 3967 possible,
2513 3900 2764 3961 however,

670 3982 700 4006 “
736 3982 750 4006 ‘
767 3994 798 4028 a
819 3980 902 4029 die
923 3980 1170 4044 captionis
1192 3980 1504 4031 Jerusalem!
1522 3981 1669 4030 Tunc
1760 3981 1870 4030 that
1894 3981 2183 4031 Hoveden's
2205 3981 2404 4030 version
2428 3996 2532 4030 was
2565 3980 2765 4031 written

669 4063 700 4085 ‘⁴
734 4059 804 4107 ait
824 4072 917 4107 rex
955 4058 1180 4123 Angliae,
1203 4064 1217 4086 ‘
1235 4060 1376 4124 Ergo
1411 4075 1564 4124 quare
1585 4075 1669 4110 ve-
1757 4060 1930 4109 before
1987 4065 2130 4121 1194,
2175 4066 2228 4109 to
2284 4059 2450 4108 which
2501 4073 2623 4122 year
2678 4059 2763 4108 the

670 4142 699 4164 “
737 4142 750 4164 ‘
774 4136 941 4187 nimus
995 4136 1096 4187 hue
1152 4147 1256 4188 tam
1314 4138 1419 4188 cito
1437 4139 1481 4189 ?'
1573 4138 1669 4189 Cui
1757 4153 1999 4202 recovery
2021 4138 2083 4187 of
2111 4138 2366 4188 Palestine
2404 4136 2450 4186 is
2484 4137 2653 4195 fixed3
2688 4151 2762 4201 or,

669 4219 702 4243 ‘⁴
735 4215 974 4266 Joachim
1028 4218 1305 4280 respondit,
1364 4221 1378 4245 ‘
1401 4217 1670 4268 Adventus
1758 4215 1807 4266 it·
1824 4216 2023 4266 written
2046 4215 2174 4264 aster
2196 4214 2282 4264 the
2305 4214 2455 4265 death
2477 4214 2538 4264 of
2553 4213 2761 4264 Saladin

672 4300 700 4321 ‘⁴
736 4300 748 4321 ‘
773 4302 890 4344 tuns
913 4296 1059 4345 valde
1097 4296 1405 4346 necessarius
1437 4304 1529 4357 est,
1550 4297 1669 4360 quia
1758 4295 1815 4345 in
1861 4301 2004 4355 1193,
2038 4293 2083 4344 is
2126 4294 2366 4344 intended
2404 4299 2459 4343 to
2493 4301 2700 4359 suggest
2731 4309 2763 4344 a

669 4378 700 4401 ‘⁴
734 4379 750 4403 ‘
774 4374 1024 4424 Dominus
1045 4374 1184 4424 dabit
1205 4373 1298 4425 tibi
1320 4374 1583 4425 victoriam
1606 4376 1668 4425 de
1758 4373 2084 4424 non-natural
2131 4371 2506 4435 interpretation
2567 4373 2630 4422 of
2675 4373 2761 4422 the

667 4458 696 4479 ·‘
733 4457 746 4481 ‘
771 4452 993 4503 inimicis
1006 4453 1140 4512 Suis,
1149 4460 1201 4504 et
1217 4453 1462 4505 exaltabit
1483 4469 1667 4504 nomen
1756 4451 2015 4517 prophecy
2049 4451 2111 4501 of
2146 4450 2226 4501 his
2262 4451 2363 4500 loss
2401 4450 2461 4500 of
2492 4450 2759 4502 Palestine.

664 4536 695 4559 ‘⁴
733 4535 747 4559 ⁴
771 4540 914 4581 tuum
971 4548 1120 4596 super
1188 4547 1364 4599 onmes
1417 4532 1668 4597 principes
1757 4533 1870 4582 The
1892 4538 1993 4581 rest
2030 4532 2090 4580 of
2119 4530 2204 4580 the
2239 4529 2518 4580 discussion
2540 4529 2584 4578 is
2605 4529 2760 4594 given

664 4615 695 4639 “
730 4616 745 4639 ‘
771 4611 945 4663 terne!
966 4612 998 4635 ’²
1067 4612 1119 4661 It
1145 4613 1310 4662 would
1333 4627 1515 4675 appear
1538 4611 1668 4661 from
1757 4619 1810 4661 at
1830 4617 2025 4677 greater
2047 4609 2222 4674 length
2244 4608 2296 4656 in
2320 4608 2405 4658 the
2428 4616 2537 4658 text
2558 4609 2680 4658 than
2704 4609 2760 4657 in

663 4689 766 4738 this
812 4690 920 4740 that
962 4690 1051 4741 the
1095 4696 1205 4740 text
1250 4706 1355 4740 was
1392 4690 1664 4755 originally
1756 4690 2021 4749 Hoveden,
2074 4687 2188 4738 who
2243 4687 2393 4737 omits
2448 4688 2533 4737 the
2588 4686 2760 4751 king’s

661 4769 864 4819 written
889 4769 1059 4820 before
1084 4770 1168 4820 the
1193 4769 1342 4820 death
1365 4769 1426 4820 of
1441 4768 1666 4830 Saladin,
1757 4769 1903 4820 share
1925 4768 1980 4818 in
2003 4768 2089 4819 the
2112 4765 2417 4832 disputation
2441 4766 2735 4834 altogether.
