3585 5863
908 897 942 958 1
952 897 993 957 2
1729 906 1948 959 GESTA.
1990 907 2197 957 REGIS

600 1091 710 1135 A.D.
728 1092 844 1137 1157.
908 1086 946 1111 “
986 1089 1046 1140 et
1082 1084 1397 1140 Laodicius
1446 1085 1519 1140 de
1554 1083 1849 1149 'l'abaria,¹
1887 1102 2023 1140 cum
2059 1084 2194 1139 aliis
2244 1084 2438 1140 tribus
2490 1081 2685 1147 sociis,
2724 1080 3015 1136 diabolico
3039 1084 3241 1130 Ali-tract

565 1154 753 1248 2⁸32}ss
907 1169 945 1194 ‘⁴
986 1168 1201 1239 spiritu
1237 1168 1459 1240 arrepti
1509 1168 1584 1224 ad
1640 1168 1985 1224 Saladinum
2035 1169 2445 1239 confugerunt,
2487 1172 2547 1223 et
2600 1170 2806 1237 sponte
2845 1164 3016 1220 Sara-
3037 1137 3257 1235 flovoden.

564 1255 717 1298 desert
734 1259 785 1298 to
904 1253 945 1279 ‘⁴
985 1253 1114 1307 ceni
1175 1253 1318 1308 facti
1379 1253 1452 1308 de
1512 1254 1671 1309 omni
1733 1270 1864 1309 esse
1924 1259 1985 1310 et
2042 1253 2343 1326 proposito
2403 1257 2580 1323 atque
2639 1249 3014 1306 continentiis
3037 1240 3251 1282 ὅθ’-ιω·

552 1305 943 1450 Ὶέξωξξὲῗέἶᾰ“
985 1335 1457 1392 Christianorum
1511 1354 1646 1392 eum
1697 1337 2121 1393 instruxerunt.
2201 1335 2512 1392 Saladinus
2565 1351 2726 1399 vere,
2766 1333 2906 1472 qtssia
2942 1331 3016 1386 de

565 1420 639 1449 a
907 1422 944 1445 Η
1148 1421 1161 1432 .
1233 1420 1246 1433 .
1514 1420 1550 1433 ..
1710 1422 1722 1435 .
1963 1421 1975 1433 .
2481 1419 2494 1433 .
2617 1419 2630 1431 .
2670 1435 2703 1472 Θ
2737 1459 2752 1483 ‚
2789 1434 2821 1471 e
2880 1433 3016 1472 cum

565 1457 836 1503 mm
907 1507 944 1529 «
984 1420 2443 1569 2¹:123?Zffizfflffizfflfflffiffl
2446 1425 2860 1564 Βὲιιῖὲῖιίὲῃοε,
2914 1498 3017 1570 qui

907 1589 945 1612 “
986 1593 1224 1658 propter
1257 1587 1390 1643 loca
1424 1592 1486 1644 et
1521 1605 1728 1644 saxosa
1763 1593 1825 1644 et
1859 1587 2019 1644 invia
2052 1606 2317 1661 pugnare
2349 1605 2468 1642 non
2501 1590 2793 1659 poterant,
2832 1582 3018 1639 assul-

908 1672 946 1695 “
984 1676 1113 1725 tum
1149 1671 1433 1737 fecerunt,
1474 1676 1537 1726 et
1571 1689 1671 1727 eos
1722 1672 1883 1727 omni
1933 1690 2150 1745 genere
2203 1670 2506 1744 pugnandi
2557 1669 2868 1726 Saladinus
2906 1666 3013 1720 im·

908 1758 945 1781 “
985 1756 1293 1826 pugnavit,
1321 1759 1381 1810 et
1414 1757 1790 1828 expugnavit.
1868 1757 2127 1813 Tandem
2151 1756 2486 1812 Tekedinus
2526 1753 2789 1811 Saladini
2811 1768 3012 1823 nepos,

568 1845 673 1894 any
689 1844 779 1887 and
799 1844 881 1888 the
908 1842 946 1865 ‘⁴
988 1838 1327 1894 Gwidonem
1377 1857 1585 1911 regem
1623 1840 1958 1896 Jerusalem
1998 1842 2203 1913 fugam
2245 1840 2644 1912 arripientem,
2684 1843 2747 1892 et
2779 1853 3014 1892 erucem

566 1895 837 1989 ffssffiss‘ff
909 1925 947 1948 “
985 1923 1137 1993 ligni
1186 1922 1479 1978 Dominici
1540 1924 1714 1996 cepit.
1792 1924 2009 1979 Caeteri
2064 1943 2265 1981 omnes
2317 1925 2442 1980 fere
2493 1919 2794 1984 confracti,
2835 1919 3010 1990 capti,

908 2008 946 2033 ‘⁸
985 2007 1267 2062 trucidati
1303 2013 1364 2062 et
1397 2007 1651 2064 vinculis
1687 2009 2008 2081 mancipati
2044 2015 2181 2066 sunt
2240 2009 2313 2064 ab
2366 2009 2514 2080 ipsis
2568 2004 2825 2070 Parthie,
2863 2002 3012 2075 proh

908 2093 947 2118 “
988 2089 1196 2145 dolor!
1254 2091 1318 2146 in
1373 2109 1579 2164 campo
1615 2094 1849 2148 omnino
1887 2095 2165 2166 superati.
2241 2092 2453 2149 Statim
2503 2108 2645 2146 vero
2698 2087 3009 2144 Saladiuus

606 2186 666 2228 so.
685 2187 761 2228 122
777 2193 842 2230 vo.
907 2175 946 2201 “
985 2174 1260 2229 militiam
1285 2175 1516 2247 Templi
1542 2182 1604 2231 et
1624 2176 1955 2247 Hospitalis
1990 2177 2212 2233 milites
2249 2175 2556 2249 segregari
2592 2174 2735 2230 fecit
2757 2172 2830 2228 ab
2854 2172 3007 2237 aliis,

673 2259 797 2303 inald
816 2262 869 2304 of
908 2260 947 2284 “
988 2264 1048 2313 et
1085 2276 1282 2314 coram
1338 2277 1400 2314 se
1452 2258 1814 2357 decapitari,
1800 2283 1812 2295 ·
1873 2266 1932 2316 et
1984 2261 2111 2333 ipse
2160 2260 2489 2333 principem
2538 2257 2892 2314 Reinaldum
2937 2255 3011 2311 de

569 2311 636 2353 Ch
668 2311 798 2354 tillon

568 2361 813 2404 min-demi
910 2344 948 2370 “
989 2341 1385 2398 Gastellione²
1419 2344 1661 2415 propria
1714 2362 1891 2400 manu
1933 2344 2246 2401 interfecit.
2322 2345 2477 2400 Dein
2510 2343 2814 2400 civitatem
2846 2339 3014 2396 Acon
3035 2347 3268 2443 {lb-w·-

567 2412 848 2521 {13:⁶³2
906 2429 945 2455 “
983 2428 1160 2498 cepit,
1164 2427 1185 2459 ³
1221 2433 1283 2482 et
1316 2427 1646 2501 adjacentia
1684 2429 1817 2484 loca
1864 2435 1925 2485 et
1974 2430 2328 2486 munitiones
2365 2430 2489 2484 fere
2536 2444 2737 2482 omnes
2773 2426 2847 2480 de
2881 2442 3014 2494 par·
3035 2451 3155 2495 end„

567 2529 732 2581 takem
752 2529 884 2574 Am..
910 2513 948 2538 “
988 2512 1147 2567 tibus
1200 2511 1341 2567 illis.
1435 2511 1573 2584 Syri
1628 2515 1731 2584 qui
1780 2513 1844 2567 in
1894 2513 2160 2586 partibus
2212 2513 2335 2570 illis
2383 2512 2806 2576 remanserant,
2860 2509 3015 2565 sicut

568 2562 948 2682 Ῑᾞᾌῆξξίοῗξὶ“
990 2596 1307 2662 fercbatur,
1347 2597 1593 2653 nuncios
1631 2597 1705 2651 de
1740 2597 2040 2653 reddenda
2090 2599 2334 2655 civitate
2373 2596 2650 2653 Saladino
2684 2593 3009 2650 mittebant.

567 2693 644 2724 κω
660 2644 816 2726 stinDo
771 2684 922 2728 sared
932 2680 1061 2734 ‘In
1100 2681 1257 2747 Tyro
1294 2697 1496 2736 omnes
1535 2680 1638 2751 qui
1674 2680 1746 2735 de
1781 2681 1982 2738 Accon
2017 2683 2421 2754 confugerant,
2450 2687 2511 2737 et
2543 2679 2861 2735 multitudo
2884 2694 3014 2749 pro-

909 2767 949 2791 “
991 2765 1271 2836 fagorum
1309 2764 1783 2820 Christianorum
1826 2784 1889 2821 se
1925 2766 2164 2838 recepit.
2239 2766 2532 2822 Ascalona
2564 2764 2712 2819 bene
2747 2759 3014 2817 victuali-

908 2851 946 2874 “
984 2848 1095 2902 bus
1134 2853 1191 2902 et
1224 2848 1610 2904 bellatoribus
1639 2849 1878 2919 inclytis
1917 2856 2008 2905 est
2040 2850 2191 2905 bene
2212 2851 2441 2906 munita
2457 2873 2475 2915 3
2513 2854 2575 2905 et
2606 2845 2921 2903 Antiochia
2954 2848 3014 2898 et

906 2936 944 2959 “
984 2933 1342 3003 Margatum,
1370 2951 1505 2988 cum
1541 2939 1668 2988 tota
1703 2934 1826 2988 fere
1861 2939 2024 2990 terra
2058 2934 2364 3007 principis,
2394 2939 2532 2990 sunt
2563 2934 2710 2989 bene
2746 2929 3006 2986 munitae.

910 3020 946 3044 ‘⁴
988 3017 1172 3070 Terra
1222 3016 1573 3086 Tripolitani
1627 3018 1914 3089 principis
1969 3018 2160 3073 adhuc
2215 3019 2381 3075 salva
2429 3022 2573 3074 erat.
2669 3016 2860 3088 Super
2916 3014 3010 3069 his

910 3102 949 3126 “
989 3101 1189 3170 itaque
1226 3105 1349 3154 tam
1386 3100 1756 3170 gravissimis
1796 3107 1857 3156 et
1890 3102 2205 3173 inopinatis
2241 3104 2433 3168 malis,
2463 3119 2592 3174 quae
2616 3099 2872 3172 peccatis
2896 3098 3013 3152 exi-

911 3185 948 3209 “
990 3181 1265 3254 gentibus
1293 3181 1458 3252 justo
1496 3182 1610 3237 Dei
1639 3183 1867 3254 judicio
1904 3192 2286 3251 emerserunt,
2328 3186 2781 3242 clementissime
2823 3187 3007 3254 pater,

570 3273 808 3366 Ziza-gazzi}
796 3269 927 3378 133⁰,
935 3269 1271 3406 ‘tianquam
1307 3283 1574 3322 summus
1624 3268 1904 3407 pontiil'gx,
1951 3267 2181 3366 §bristi
2226 3270 2506 3410 wip-arius,
2557 3268 2693 3366 pius
2747 3285 2899 3339 papa
2952 3269 3011 3404 ἒ

935 3355 950 3378 ‘
1129 3368 1282 3415 mus,
1338 3369 1375 3404 u
1419 3368 1484 3405 er
1706 3370 1767 3405 m
2846 3368 2951 3406 ano

570 3381 859 3518 ffinfi‘hw
912 3436 951 3463 u
991 3369 1349 3505 0323..th
1379 3368 3004 3510 {noeffiff<1011ssssssssssssss{Qffessssssssffiissssssssdes

913 3521 951 3545 “
992 3525 1054 3574 et
1089 3518 1282 3589 operis
1320 3518 1578 3574 efficacia
1600 3520 2056 3592 magnanimiter
2080 3522 2398 3593 procedite.
2464 3520 2783 3577 convenite
2806 3523 3008 3591 gentes

913 3605 953 3631 “
993 3608 1053 3658 ct
1087 3604 1335 3658 adunate
1371 3603 1639 3675 populos,
1681 3608 1740 3658 et
1773 3604 1849 3660 ad
1884 3606 2286 3677 recuperanda
2328 3610 2529 3661 sancta
2560 3609 2913 3668 sanctorum,
2952 3605 3010 3656 ct

910 3689 949 3716 “
988 3687 1063 3743 ad
1117 3686 1578 3759 recuperandam
1631 3693 1853 3743 terram
1904 3689 2071 3744 illam
2123 3689 2523 3746 beatissimam
2575 3689 2679 3744 ubi
2726 3691 3009 3744 steterunt

909 3774 947 3799 “
988 3771 1167 3843 pedes
1205 3771 1464 3834 Domini,
1505 3771 1607 3826 ubi
1657 3772 1892 3828 radiant
1940 3773 2183 3828 officinae
2233 3771 2649 3844 redemptionis
2689 3777 2904 3828 nostrae
2952 3775 3010 3826 et

909 3859 946 3883 “
988 3855 1339 3911 Christianae
1393 3854 1535 3909 fidei
1587 3862 1972 3921 sacramenta,
2029 3874 2130 3912 cor
2165 3855 2236 3911 in‘
2285 3857 2598 3912 humerum
2649 3856 2801 3912 date.
2875 3854 3008 3910 Non
3030 3860 3310 3907 Pslnvim.

908 3942 948 3967 “
986 3940 1143 3994 enim
1179 3938 1563 3993 obliviscetur
1598 3937 1872 3994 misereri
1909 3940 2090 4006 Deus,
2120 3938 2235 4009 Qui
2270 3941 2334 3996 in
2366 3940 2461 3996 ira
2493 3940 2752 3996 continet
2783 3939 3009 3995 miseri·

908 4027 947 4051 “
986 4022 1215 4078 cordias
1253 4022 1423 4085 Suas,
1465 4020 1605 4091 quia
1637 4040 1821 4095 prope
1859 4030 1951 4080 est
1986 4024 2273 4080 Dominus
2310 4024 2718 4080 invocantibus
2755 4023 2910 4079 Eum
2946 4022 3008 4077 in
3029 4028 3098 4073 1²⁸.
3113 4025 3298 4071 cxlv-18-

907 4111 946 4134 “
984 4104 1254 4161 veritate.
1328 4104 1455 4160 Nos
1493 4122 1650 4170 sane,
1689 4106 1832 4163 licet
1872 4108 1944 4163 de
1986 4108 2454 4180 possessionibus
2490 4126 2625 4164 cum
2660 4106 2849 4163 multa
2883 4124 3008 4162 san-

973 4291 989 4323 ¹
1024 4290 1191 4341 These
1211 4289 1352 4341 three
1374 4305 1645 4341 namesare
1667 4291 1821 4357 given
1839 4293 1909 4358 by
2003 4291 2288 4359 ebersperg,
2332 4295 2410 4344 ed.
2454 4293 2507 4346 J.
2547 4293 2609 4344 Ρ.
2650 4296 2713 4346 de
2749 4294 3008 4363 Ludewig,

904 4371 991 4421 the
1042 4368 1379 4434 Hospitallers
1423 4368 1479 4418 in
1523 4368 1656 4419 their
1693 4370 1912 4421 circular
2006 4372 2187 4437 Script.
2210 4372 2262 4422 ii.
2291 4378 2405 4423 322.

904 4451 1052 4500 letter
1086 4449 1204 4499 thus
1226 4469 1239 4500 z
1258 4453 1350 4486 --“
1366 4447 1648 4499 Baldoinus
1693 4449 1756 4498 de
1787 4449 1912 4499 Far-
2066 4450 2089 4483 ²
2121 4452 2308 4503 Prinee
2330 4455 2392 4504 of
2404 4452 2591 4503 Kerak.

904 4534 938 4561 “
970 4546 1099 4590 mor,
1143 4537 1195 4580 et
1233 4527 1651 4580 Bachaberbocus
1704 4531 1767 4579 de
1812 4529 1914 4579 Ta·
2070 4529 2092 4562 3
2124 4530 2263 4581 Aere
2294 4546 2399 4581 was
2432 4532 2586 4583 taken
2619 4548 2687 4584 on
2719 4533 2806 4584 the
2838 4533 2929 4584 eth
2962 4534 3019 4584 of

905 4612 936 4637 “
970 4609 1130 4669 baria,
1161 4615 1214 4658 et
1244 4607 1493 4658 Leisius.”
1561 4607 1802 4668 Ansbert,
1834 4609 1913 4659 ed.
2006 4610 2150 4676 July,
2194 4612 2296 4661 and
2340 4611 2428 4661 the
2471 4628 2608 4663 news
2653 4612 2922 4664 contained
2957 4614 3012 4663 in

906 4687 1247 4752 Dobrovsky‚
1283 4703 1331 4753 p.
1367 4693 1415 4738 3.
1486 4692 1516 4716 ‘⁶
1534 4688 1818 4738 Baldonius
1852 4689 1915 4738 de
2007 4689 2111 4739 this
2131 4690 2278 4741 letter
2308 4696 2446 4741 must
2483 4691 2616 4742 have
2639 4693 2767 4744 been
2807 4700 2922 4745 sent
2942 4693 3017 4743 off

905 4771 940 4796 ‘⁶
974 4767 1200 4827 Fatinor,
1233 4774 1287 4816 et
1324 4766 1645 4818 Bachibocus
1680 4769 1744 4818 de
1776 4767 1914 4817 Tha-
2010 4768 2193 4819 almost
2213 4768 2571 4835 immediately.

906 4852 938 4876 “
971 4844 1127 4907 baria,
1160 4852 1214 4896 et
1242 4844 1505 4896 Leusius.”
1572 4846 1760 4898 Chron.
1797 4846 1917 4898 Rei·
