3585 5863
843 833 972 896 126
1659 841 1874 894 susm
1918 844 2126 893 REGIS

538 1033 780 1136 Agsstng’·
840 1022 956 1107 qui
1001 1023 1074 1084 in
1121 1021 1395 1087 civitate
1456 1024 1660 1086 erant.
1786 1020 1934 1087 Rex
1978 1041 2136 1086 vero
2204 1019 2499 1085 Franciae
2561 1024 2632 1084 et
2694 1020 2817 1095 sui,
2881 1021 2953 1082 et
2977 1035 3238 1130 Qvi-‘iffi'

507 1146 766 1238 spic-neom
841 1144 1066 1187 omnes
1110 1122 1438 1208 principes
1483 1123 1774 1187 civitatis
1821 1122 2144 1188 Messanae
2189 1127 2258 1188 et
2303 1122 2511 1188 clerus
2556 1126 2626 1188 et
2671 1121 2952 1208 populus

505 1197 713 1301 iai‘ding.
839 1226 1111 1290 stabant
1178 1227 1250 1289 in
1309 1223 1555 1302 littore,
1601 1225 2005 1290 admirantes
2068 1246 2265 1311 super
2305 1224 2391 1289 iis
2453 1245 2602 1310 quae
2645 1224 2955 1288 viderant

842 1331 912 1392 et
957 1327 1303 1392 audierant
1349 1327 1429 1391 de
1474 1349 1630 1414 rege
1661 1326 1928 1413 Angliae
1958 1331 2027 1393 et
2073 1326 2156 1392 de
2200 1329 2529 1413 potestate
2576 1326 2738 1412 ejus.
2819 1325 2953 1405 Qui

842 1451 993 1495 cum
1038 1428 1474 1515 applicuisset,
1521 1428 1870 1516 prosiliens
1916 1429 1991 1493 in
2034 1433 2281 1493 terram
2325 1429 2592 1494 locutus
2636 1432 2740 1493 est
2804 1449 2953 1493 curn

844 1531 1153 1619 Philippo
1197 1553 1350 1618 rege
1396 1532 1710 1596 Franciae.
1806 1531 1897 1596 Et
1942 1535 2094 1617 post
2137 1530 2534 1617 colloquium
2583 1530 2811 1596 eodem
2844 1530 2951 1595 die

510 1647 635 1698 Kins
649 1647 821 1701 Philip:
842 1655 961 1697 rex
1007 1632 1304 1699 Franciae
1348 1631 1773 1698 transii-stare
1835 1632 2215 1698 desiderans
2283 1654 2433 1698 cum
2493 1633 2770 1719 navigio
2830 1654 2950 1698 suo

509 1698 658 1741 leaves
678 1699 795 1742 Mes-

506 1749 631 1850 3133&
632 1750 780 1842 ξᾶιξέε
844 1735 1059 1800 exivit
1101 1758 1143 1800 a
1170 1742 1387 1821 portu,
1418 1734 1532 1799 sed
1564 1735 1795 1800 statim
1840 1733 1958 1800 illo
2003 1736 2126 1813 die,
2173 1737 2376 1801 vento
2421 1736 2550 1800 sibi
2597 1735 2948 1813 contrari0,

508 1851 684 1893 retum·
843 1839 1069 1903 dolens
1115 1845 1184 1904 et
1228 1839 1483 1904 invitus
1528 1837 1616 1902 ad
1661 1838 1943 1903 eundem
1988 1843 2257 1922 portum
2302 1858 2602 1904 reversus
2649 1848 2767 1904 est.

508 1947 712 1991 Richard
728 1948 768 1993 is
936 1940 1217 2006 Interim
1260 1963 1381 2005 rex
1427 1939 1706 2025 Angliae,
1742 1961 1893 2005 cum
1924 1939 2246 2005 desiderio
2277 1944 2346 2005 et
2389 1940 2630 2026 gaudio
2660 1939 2950 2005 maximo
2973 1955 3225 2008 Ηονοᾱετι,

509 1998 745 2102 ἴέῗινιεῗῦγ
844 2066 884 2108 a
927 2042 1286 2109 baronibus
1352 2048 1423 2108 et
1486 2042 1816 2107 militibus
1882 2048 2078 2108 terrae
2122 2064 2260 2108 suae
2304 2048 2621 2129 receptus,
2669 2042 2952 2108 intravit
2972 2010 3067 2053 ω’
3086 2009 3131 2051 '²'
3148 2011 3222 2053 δ’

509 2100 591 2143 tho
607 2101 778 2145 nobles.
844 2148 918 2210 in
963 2146 1230 2210 domum
1278 2144 1632 2231 Reginaldi
1678 2145 1760 2208 de
1808 2143 2159 2223 Muschet,¹
2205 2143 2323 2209 ubi
2362 2144 2727 2230 hospitium
2757 2166 2951 2210 suum

848 2246 1342 2336 praeparabatur
1403 2247 1475 2311 in
1539 2246 1856 2312 suburbio
1924 2252 2116 2312 extra
2175 2268 2398 2312 muros
2445 2246 2736 2313 civitatis
2781 2247 2953 2314 Mes-

849 2374 1030 2416 sanae
1073 2350 1253 2416 inter
1296 2349 1535 2415 vineas.

512 2460 815 2556 ξὲρῡί-Πᾈῇυᾱ
938 2453 1266 2518 Vicesima
1311 2457 1550 2538 quarta
1595 2451 1703 2516 die
1766 2450 2176 2538 Septembris
2239 2455 2309 2517 et
2353 2450 2663 2517 vicesima
2712 2451 2950 2536 quinta
2974 2465 3221 2562 {¹33³}

512 2543 652 2606 vle‘ffl
667 2567 718 2607 01'
731 2563 813 2608 the
849 2559 1038 2624 venit
1083 2577 1203 2621 rex
1249 2553 1513 2640 Angliae
1580 2554 1665 2619 ad
1727 2554 2093 2640 hospitium
2156 2554 2330 2641 regis
2398 2555 2699 2622 Franciae
2765 2558 2951 2644 loqui
2975 2549 3177 2612 show}-
3205 2550 3218 2568 '

514 2613 606 2653 two
624 2616 773 2668 nugs.
852 2683 1000 2727 cum
1045 2681 1136 2725 eo.
1231 2658 1322 2723 Et
1352 2658 1579 2723 eodem
1612 2657 1718 2722 die
1748 2658 1937 2722 venit
1966 2678 2088 2722 rex
2119 2657 2417 2724 Franciae
2461 2659 2548 2723 ad
2593 2659 2951 2746 hospitium

853 2766 1027 2849 regis
1071 2762 1335 2847 Angliae
1398 2760 1484 2825 ad
1551 2759 1955 2845 loquendum
2015 2781 2165 2824 cum
2232 2759 2394 2842 illo;
2466 2776 2536 2826 et
2598 2762 2955 2827 videbatur

852 2865 1026 2953 quod
1071 2869 1303 2928 tantus
1347 2867 1518 2927 esset
1546 2863 1725 2927 inter
1754 2862 1902 2928 illos
1946 2866 2200 2928 mutuae
2245 2862 2615 2929 dilectionis
2660 2865 2953 2947 affectus,

849 2968 1028 3054 quod
1070 2986 1413 3051 nunquam
1460 2964 1733 3030 dissolvi
1779 2970 2001 3052 posset
2042 2970 2164 3031 aut
2207 2966 2443 3032 violari
2488 2989 2674 3033 amor
2704 2989 2949 3034 eorum.

569 3084 694 3136 sept.
714 3087 778 3128 28.
942 3068 1270 3133 Vicesima
1360 3071 1595 3132 octava
1660 3068 1768 3132 die
1831 3068 2047 3134 exivit
2126 3090 2248 3134 rex
2322 3069 2588 3157 Angliae
2689 3072 2953 3137 obviam
2980 3089 3225 3142 nox-eden,

518 3135 767 3278 ffissf
852 3171 899 3233 J
904 3169 1180 3255 ohannae
1256 3169 1458 3235 sorori
1532 3191 1683 3249 suae,
1763 3170 2096 3256 quondam
2158 3172 2403 3259 reginse
2471 3173 2731 3252 Siciliae,
2809 3196 2957 3261 quae
2980 3141 3223 3245 Q&

519 3286 738 3328 rromPa·
854 3272 1080 3338 eadem
1147 3272 1257 3336 die
1322 3272 1510 3336 venit
1579 3273 1660 3338 de
1721 3273 2046 3339 Panormo
2114 3296 2230 3361 per
2293 3277 2556 3362 galeas3
2625 3280 2695 3342 et
2761 3275 2959 3342 duxit

518 3338 677 3381 Μῶα
853 3394 998 3441 eam
1042 3376 1128 3439 ad
1193 3374 1520 3461 hospitale
1566 3374 1792 3442 Sancti
1853 3377 2198 3455 «Iohannis,
2246 3379 2364 3442 ubi
2408 3378 2769 3466 hospitium
2815 3380 2959 3465 ejus

853 3479 1366 3566 praeparabatur.

521 3592 796 3696 Hgffll-gssg}
944 3582 1275 3647 Vicesima
1320 3603 1498 3646 nona
1561 3582 1667 3647 die
1735 3581 2165 3669 Septembris,
2229 3583 2335 3648 die
2409 3583 2658 3650 scilicet
2726 3585 2956 3651 Sancti
2980 3602 3231 3708 318&qu

521 3693 790 3789 {ffiffd
858 3685 1217 3765 Michaelis,
1246 3685 1436 3749 venit
1464 3707 1584 3749 rex
1616 3684 1917 3751 Franciae
1947 3686 2033 3749 ad
2077 3685 2444 3772 hospitium
2473 3688 2644 3774 regis
2674 3688 2954 3775 Angliae,
2980 3705 3182 3752 shut-ta.

855 3795 926 3855 et
954 3789 1214 3854 locutus
1244 3793 1346 3852 est
1375 3808 1524 3852 cum
1556 3808 1648 3852 eo,
1741 3788 1834 3853 Et
1886 3793 2115 3874 postea
2166 3795 2602 3875 perrexerunt
2644 3791 2839 3857 ambo
2870 3792 2957 3855 ad

856 3891 1218 3977 hospitium
1282 3889 1524 3953 sororis
1592 3889 1768 3975 regis
1815 3890 2078 3977 Angliae
2123 3891 2349 3958 videre
2393 3892 2594 3958 illam.
2687 3892 2781 3957 Et
2840 3915 2961 3958 rex

859 3993 1157 4061 Franciae
1205 3992 1369 4057 adeo
1399 3991 1632 4056 faciem
1681 3990 1961 4056 hilarem
2017 3992 2399 4073 exhibebat,
2447 3993 2623 4080 quod
2675 3995 2961 4082 populus

857 4097 1118 4164 dicebat
1170 4095 1348 4182 quod
1398 4117 1516 4160 rex
1565 4094 1863 4160 Franciae
1912 4096 2183 4162 duceret
2227 4120 2371 4163 eam
2415 4096 2488 4162 in
2534 4119 2825 4165 uxorem.

925 4382 944 4415 ¹
980 4381 1238 4447 Muschet]
1278 4380 1483 4443 Muhec,
1520 4381 1588 4430 H.
1656 4381 1861 4446 Moyse,
1950 4382 2036 4432 the
2080 4380 2360 4432 household
2405 4381 2467 4432 of
2501 4381 2735 4434 william
2782 4382 2859 4433 Π.
2912 4385 2977 4434 of

860 4462 1125 4525 Hoveden,
1171 4466 1283 4512 388.
1331 4476 1376 4511 a.
1425 4467 1500 4517 9.,
1573 4460 1760 4511 Muhec
1816 4460 1863 4509 is
1953 4461 2131 4526 Sicily,
2171 4461 2358 4511 andin
2400 4464 2525 4513 1177
2566 4478 2621 4513 as
2660 4463 2876 4513 admit-al
2913 4463 2974 4513 of

859 4543 1117 4593 doubtless
1139 4542 1223 4591 the
1244 4540 1384 4606 right
1415 4539 1639 4605 reading.
1707 4539 1864 4604 Regi-
1953 4541 2037 4592 the
2070 4541 2200 4591 fleet.
2272 4541 2367 4592 See
2389 4543 2567 4601 above,
2590 4543 2691 4593 vol.
2710 4542 2743 4593 i.
2770 4558 2819 4606 p.
2850 4545 2967 4605 171,

859 4623 981 4670 nald
1001 4637 1107 4671 was
1129 4622 1374 4685 probably
1396 4635 1492 4670 one
1525 4619 1586 4668 of
1610 4619 1695 4669 the
1730 4634 1867 4669 same
1956 4622 2056 4671 and
2082 4619 2347 4688 Cartalary
2390 4622 2453 4671 of
2487 4622 2575 4672 the
2609 4622 2751 4685 Holy
2783 4621 2971 4686 Sepul-

859 4699 1038 4763 family
1061 4714 1115 4749 as
1140 4701 1337 4750 Walter
1374 4701 1438 4749 de
1478 4698 1648 4761 Mose,
1672 4698 1787 4748 who
1823 4698 1868 4748 is
1956 4699 2091 4761 chre,
2115 4715 2165 4764 p.
2192 4705 2305 4750 296.

860 4779 1149 4829 mentioned
1181 4779 1237 4828 in
1266 4781 1389 4830 1171
1431 4794 1487 4830 as
1521 4779 1779 4830 constable
1814 4778 1874 4828 os
