<?xml version="1.0" encoding="UTF-8"?>
<!DOCTYPE html PUBLIC "-//W3C//DTD XHTML 1.0 Transitional//EN"
    "http://www.w3.org/TR/xhtml1/DTD/xhtml1-transitional.dtd">
<html xmlns="http://www.w3.org/1999/xhtml" xml:lang="en" lang="en">
 <head>
  <title>
</title>
<meta http-equiv="Content-Type" content="text/html;charset=utf-8" />
  <meta name='ocr-system' content='tesseract 3.04.00' />
  <meta name='ocr-capabilities' content='ocr_page ocr_carea ocr_par ocr_line ocrx_word'/>
</head>
<body>
  <div class='ocr_page' id='page_1' title='image "./chroniclereigns00unkngoog_0387.png"; bbox 0 0 3585 5863; ppageno 0'>
   <div class='ocr_carea' id='block_1_1' title="bbox 1504 819 2684 883">
    <p class='ocr_par' dir='ltr' id='par_1_1' title="bbox 1504 819 2684 883">
     <span class='ocr_line' id='line_1_1' title="bbox 1504 819 2684 883; baseline 0.003 -3"><span class='ocrx_word' id='word_1_1' title='bbox 1504 826 1810 881; x_wconf 77' lang='lat' dir='ltr'><strong>chRDL</strong></span> <span class='ocrx_word' id='word_1_2' title='bbox 2554 819 2684 883; x_wconf 80' lang='lat'><strong>215</strong></span> 
     </span>
    </p>
   </div>
   <div class='ocr_carea' id='block_1_2' title="bbox 579 1001 2984 1406">
    <p class='ocr_par' dir='ltr' id='par_1_2' title="bbox 579 1001 2984 1303">
     <span class='ocr_line' id='line_1_2' title="bbox 582 1001 2984 1089; baseline 0.003 -22"><span class='ocrx_word' id='word_1_3' title='bbox 582 1001 887 1068; x_wconf 80' lang='lat' dir='ltr'><strong>examine</strong></span> <span class='ocrx_word' id='word_1_4' title='bbox 931 1023 1156 1070; x_wconf 88' lang='lat' dir='ltr'><strong>omnes</strong></span> <span class='ocrx_word' id='word_1_5' title='bbox 1198 1005 1514 1073; x_wconf 80' lang='lat' dir='ltr'><strong>astabunt</strong></span> <span class='ocrx_word' id='word_1_6' title='bbox 1558 1011 1716 1074; x_wconf 83' lang='lat' dir='ltr'><strong>ante</strong></span> <span class='ocrx_word' id='word_1_7' title='bbox 1761 1004 2064 1075; x_wconf 86' lang='lat' dir='ltr'><strong>tribunal</strong></span> <span class='ocrx_word' id='word_1_8' title='bbox 2108 1003 2374 1073; x_wconf 84' lang='lat' dir='ltr'>Summi</span> <span class='ocrx_word' id='word_1_9' title='bbox 2402 1004 2449 1073; x_wconf 85' lang='lat' dir='ltr'><strong>J</strong></span> <span class='ocrx_word' id='word_1_10' title='bbox 2453 1007 2682 1089; x_wconf 90' lang='lat' dir='ltr'><strong>udicis,</strong></span> <span class='ocrx_word' id='word_1_11' title='bbox 2740 1025 2851 1072; x_wconf 68' lang='lat' dir='ltr'><strong>An.</strong></span> <span class='ocrx_word' id='word_1_12' title='bbox 2868 1030 2984 1074; x_wconf 76' lang='lat'>1191.</span> 
     </span>
     <span class='ocr_line' id='line_1_3' title="bbox 583 1077 2968 1196; baseline 0.005 -27"><span class='ocrx_word' id='word_1_13' title='bbox 583 1106 908 1172; x_wconf 75' lang='lat' dir='ltr'>Dominus</span> <span class='ocrx_word' id='word_1_14' title='bbox 951 1106 1037 1173; x_wconf 85' lang='lat' dir='ltr'><strong>ab</strong></span> <span class='ocrx_word' id='word_1_15' title='bbox 1083 1129 1479 1196; x_wconf 90' lang='lat' dir='ltr'><strong>unoquoque</strong></span> <span class='ocrx_word' id='word_1_16' title='bbox 1522 1131 1661 1178; x_wconf 81' lang='lat' dir='ltr'><strong>suae</strong></span> <span class='ocrx_word' id='word_1_17' title='bbox 1702 1109 2132 1178; x_wconf 74' lang='lat' dir='ltr'><strong>villicationis</strong></span> <span class='ocrx_word' id='word_1_18' title='bbox 2176 1110 2506 1179; x_wconf 83' lang='lat' dir='ltr'><strong>rationem</strong></span> <span class='ocrx_word' id='word_1_19' title='bbox 2552 1116 2678 1178; x_wconf 86' lang='lat' dir='ltr'><strong>aut</strong></span> <span class='ocrx_word' id='word_1_20' title='bbox 2757 1077 2968 1126; x_wconf 58' lang='lat' dir='ltr'><strong>⁰⁰⁰⁰b⁰¹²</strong></span> 
     </span>
     <span class='ocr_line' id='line_1_4' title="bbox 579 1210 1880 1303; baseline 0.005 -29"><span class='ocrx_word' id='word_1_21' title='bbox 579 1210 684 1275; x_wconf 89' lang='lat' dir='ltr'><strong>sui</strong></span> <span class='ocrx_word' id='word_1_22' title='bbox 726 1210 1135 1299; x_wconf 74' lang='lat' dir='ltr'><strong>principatus</strong></span> <span class='ocrx_word' id='word_1_23' title='bbox 1178 1212 1495 1280; x_wconf 82' lang='lat' dir='ltr'>honorem</span> <span class='ocrx_word' id='word_1_24' title='bbox 1539 1214 1880 1303; x_wconf 67' lang='lat' dir='ltr'><strong>requiret?</strong></span> 
     </span>
    </p>

    <p class='ocr_par' dir='ltr' id='par_1_3' title="bbox 671 1311 2953 1406">
     <span class='ocr_line' id='line_1_5' title="bbox 671 1311 2953 1406; baseline 0.006 -28"><span class='ocrx_word' id='word_1_25' title='bbox 671 1311 852 1393; x_wconf 76' lang='lat' dir='ltr'><strong>Quid</strong></span> <span class='ocrx_word' id='word_1_26' title='bbox 895 1313 1132 1398; x_wconf 64' lang='lat' dir='ltr'><strong>plura?</strong></span> <span class='ocrx_word' id='word_1_27' title='bbox 1209 1316 1656 1384; x_wconf 86' lang='lat' dir='ltr'><strong>Cancellarius</strong></span> <span class='ocrx_word' id='word_1_28' title='bbox 1686 1317 1800 1384; x_wconf 87' lang='lat' dir='ltr'><strong>ille</strong></span> <span class='ocrx_word' id='word_1_29' title='bbox 1846 1317 1930 1385; x_wconf 89' lang='lat' dir='ltr'><strong>de</strong></span> <span class='ocrx_word' id='word_1_30' title='bbox 1974 1315 2345 1406; x_wconf 87' lang='lat' dir='ltr'><strong>abjectione</strong></span> <span class='ocrx_word' id='word_1_31' title='bbox 2375 1339 2498 1386; x_wconf 84' lang='lat' dir='ltr'><strong>sua</strong></span> <span class='ocrx_word' id='word_1_32' title='bbox 2526 1339 2678 1387; x_wconf 87' lang='lat' dir='ltr'><strong>con-</strong></span> <span class='ocrx_word' id='word_1_33' title='bbox 2702 1342 2800 1390; x_wconf 72' lang='lat' dir='ltr'><strong>rho</strong></span> <span class='ocrx_word' id='word_1_34' title='bbox 2815 1345 2953 1393; x_wconf 72' lang='lat' dir='ltr'><strong>chan-</strong></span> 
     </span>
    </p>
   </div>
   <div class='ocr_carea' id='block_1_3' title="bbox 577 1398 3005 1613">
    <p class='ocr_par' dir='ltr' id='par_1_4' title="bbox 577 1398 3005 1613">
     <span class='ocr_line' id='line_1_6' title="bbox 577 1398 3005 1512; baseline 0.005 -31"><span class='ocrx_word' id='word_1_35' title='bbox 577 1414 762 1481; x_wconf 87' lang='lat' dir='ltr'><strong>fusus</strong></span> <span class='ocrx_word' id='word_1_36' title='bbox 782 1414 809 1453; x_wconf 81' lang='lat'>1</span> <span class='ocrx_word' id='word_1_37' title='bbox 852 1417 1283 1485; x_wconf 79' lang='lat' dir='ltr'><strong>transfretare</strong></span> <span class='ocrx_word' id='word_1_38' title='bbox 1326 1421 1688 1508; x_wconf 87' lang='lat' dir='ltr'><strong>proposuit,</strong></span> <span class='ocrx_word' id='word_1_39' title='bbox 1757 1426 1830 1488; x_wconf 90' lang='lat' dir='ltr'><strong>et</strong></span> <span class='ocrx_word' id='word_1_40' title='bbox 1892 1421 2207 1489; x_wconf 88' lang='lat' dir='ltr'><strong>accedens</strong></span> <span class='ocrx_word' id='word_1_41' title='bbox 2257 1422 2346 1488; x_wconf 86' lang='lat' dir='ltr'><strong>ad</strong></span> <span class='ocrx_word' id='word_1_42' title='bbox 2394 1421 2676 1502; x_wconf 87' lang='lat' dir='ltr'><strong>Dovere,</strong></span> <span class='ocrx_word' id='word_1_43' title='bbox 2700 1398 3005 1512; x_wconf 38' lang='lat' dir='ltr'><strong>&amp;¹333ssssoe</strong></span> 
     </span>
     <span class='ocr_line' id='line_1_7' title="bbox 577 1500 2990 1613; baseline 0.005 -29"><span class='ocrx_word' id='word_1_44' title='bbox 577 1540 829 1586; x_wconf 75' lang='lat' dir='ltr'><strong>novum</strong></span> <span class='ocrx_word' id='word_1_45' title='bbox 871 1521 1350 1590; x_wconf 72' lang='lat' dir='ltr'><strong>transfretandi</strong></span> <span class='ocrx_word' id='word_1_46' title='bbox 1406 1524 1677 1590; x_wconf 90' lang='lat' dir='ltr'><strong>modum</strong></span> <span class='ocrx_word' id='word_1_47' title='bbox 1739 1524 2020 1591; x_wconf 83' lang='lat' dir='ltr'><strong>invenit.</strong></span> <span class='ocrx_word' id='word_1_48' title='bbox 2112 1524 2448 1613; x_wconf 73' lang='lat' dir='ltr'><strong>Depositis</strong></span> <span class='ocrx_word' id='word_1_49' title='bbox 2490 1549 2678 1592; x_wconf 81' lang='lat' dir='ltr'><strong>nam-</strong></span> <span class='ocrx_word' id='word_1_50' title='bbox 2701 1500 2990 1603; x_wconf 46' lang='lat'><strong>3355&amp;</strong></span> 
     </span>
    </p>
   </div>
   <div class='ocr_carea' id='block_1_4' title="bbox 520 1603 2917 1710">
    <p class='ocr_par' dir='ltr' id='par_1_5' title="bbox 520 1603 2917 1710">
     <span class='ocr_line' id='line_1_8' title="bbox 520 1603 2917 1710; baseline 0.003 -21"><span class='ocrx_word' id='word_1_51' title='bbox 520 1660 523 1664; x_wconf 72' lang='lat'><strong>.</strong></span> <span class='ocrx_word' id='word_1_52' title='bbox 579 1646 707 1710; x_wconf 71' lang='lat' dir='ltr'><strong>que</strong></span> <span class='ocrx_word' id='word_1_53' title='bbox 773 1625 1213 1692; x_wconf 70' lang='lat' dir='ltr'><strong>masculorum</strong></span> <span class='ocrx_word' id='word_1_54' title='bbox 1278 1627 1716 1709; x_wconf 66' lang='lat' dir='ltr'><strong>vestimentis,</strong></span> <span class='ocrx_word' id='word_1_55' title='bbox 1777 1628 2202 1694; x_wconf 65' lang='lat' dir='ltr'><strong>foeminam</strong></span> <span class='ocrx_word' id='word_1_56' title='bbox 2265 1629 2679 1696; x_wconf 66' lang='lat' dir='ltr'><strong>indumentis</strong></span> <span class='ocrx_word' id='word_1_57' title='bbox 2700 1603 2917 1697; x_wconf 47' lang='lat' dir='ltr'><strong>w*</strong></span> 
     </span>
    </p>
   </div>
   <div class='ocr_carea' id='block_1_5' title="bbox 577 1727 2687 2030">
    <p class='ocr_par' dir='ltr' id='par_1_6' title="bbox 577 1727 2687 2030">
     <span class='ocr_line' id='line_1_9' title="bbox 577 1727 2678 1821; baseline 0.003 -28"><span class='ocrx_word' id='word_1_58' title='bbox 577 1749 646 1793; x_wconf 86' lang='lat' dir='ltr'><strong>se</strong></span> <span class='ocrx_word' id='word_1_59' title='bbox 688 1727 933 1812; x_wconf 88' lang='lat' dir='ltr'><strong>induit,</strong></span> <span class='ocrx_word' id='word_1_60' title='bbox 965 1752 1245 1818; x_wconf 86' lang='lat' dir='ltr'><strong>quarum</strong></span> <span class='ocrx_word' id='word_1_61' title='bbox 1290 1752 1525 1797; x_wconf 81' lang='lat' dir='ltr'><strong>sexum</strong></span> <span class='ocrx_word' id='word_1_62' title='bbox 1569 1753 1826 1821; x_wconf 87' lang='lat' dir='ltr'><strong>semper</strong></span> <span class='ocrx_word' id='word_1_63' title='bbox 1872 1732 2055 1816; x_wconf 67' lang='lat' dir='ltr'><strong>odit-‚3</strong></span> <span class='ocrx_word' id='word_1_64' title='bbox 2099 1738 2170 1798; x_wconf 91' lang='lat' dir='ltr'><strong>et</strong></span> <span class='ocrx_word' id='word_1_65' title='bbox 2215 1732 2311 1799; x_wconf 89' lang='lat' dir='ltr'><strong>sic</strong></span> <span class='ocrx_word' id='word_1_66' title='bbox 2348 1733 2437 1800; x_wconf 89' lang='lat' dir='ltr'><strong>ad</strong></span> <span class='ocrx_word' id='word_1_67' title='bbox 2482 1732 2678 1800; x_wconf 86' lang='lat' dir='ltr'><strong>littus</strong></span> 
     </span>
     <span class='ocr_line' id='line_1_10' title="bbox 577 1833 2687 1923; baseline 0.001 -24"><span class='ocrx_word' id='word_1_68' title='bbox 577 1833 885 1900; x_wconf 74' lang='lat' dir='ltr'><strong>accedens</strong></span> <span class='ocrx_word' id='word_1_69' title='bbox 959 1834 1384 1903; x_wconf 82' lang='lat' dir='ltr'><strong>transfretare</strong></span> <span class='ocrx_word' id='word_1_70' title='bbox 1446 1834 1681 1903; x_wconf 84' lang='lat' dir='ltr'><strong>voluit.</strong></span> <span class='ocrx_word' id='word_1_71' title='bbox 1790 1833 1927 1902; x_wconf 88' lang='lat' dir='ltr'><strong>Sed</strong></span> <span class='ocrx_word' id='word_1_72' title='bbox 1999 1840 2335 1923; x_wconf 85' lang='lat' dir='ltr'><strong>comperta</strong></span> <span class='ocrx_word' id='word_1_73' title='bbox 2413 1835 2687 1903; x_wconf 83' lang='lat' dir='ltr'><strong>malitia·</strong></span> 
     </span>
     <span class='ocr_line' id='line_1_11' title="bbox 577 1938 2674 2030; baseline 0.001 -27"><span class='ocrx_word' id='word_1_74' title='bbox 577 1958 718 2030; x_wconf 67' lang='lat' dir='ltr'><strong>sua,</strong></span> <span class='ocrx_word' id='word_1_75' title='bbox 757 1938 1062 2025; x_wconf 84' lang='lat' dir='ltr'><strong>quaedam</strong></span> <span class='ocrx_word' id='word_1_76' title='bbox 1126 1938 1436 2006; x_wconf 89' lang='lat' dir='ltr'><strong>mulieres</strong></span> <span class='ocrx_word' id='word_1_77' title='bbox 1500 1939 1873 2026; x_wconf 78' lang='lat' dir='ltr'><strong>injecenmt</strong></span> <span class='ocrx_word' id='word_1_78' title='bbox 1939 1960 2174 2005; x_wconf 84' lang='lat' dir='ltr'><strong>manus</strong></span> <span class='ocrx_word' id='word_1_79' title='bbox 2241 1940 2319 2004; x_wconf 88' lang='lat' dir='ltr'><strong>in</strong></span> <span class='ocrx_word' id='word_1_80' title='bbox 2387 1959 2539 2005; x_wconf 87' lang='lat' dir='ltr'><strong>eum</strong></span> <span class='ocrx_word' id='word_1_81' title='bbox 2605 1944 2674 2005; x_wconf 91' lang='lat' dir='ltr'><strong>et</strong></span> 
     </span>
    </p>
   </div>
   <div class='ocr_carea' id='block_1_6' title="bbox 574 2040 2973 2237">
    <p class='ocr_par' dir='ltr' id='par_1_7' title="bbox 574 2040 2973 2237">
     <span class='ocr_line' id='line_1_12' title="bbox 574 2040 2973 2131; baseline 0.006 -27"><span class='ocrx_word' id='word_1_82' title='bbox 574 2040 746 2106; x_wconf 84' lang='lat' dir='ltr'><strong>male</strong></span> <span class='ocrx_word' id='word_1_83' title='bbox 812 2045 1292 2109; x_wconf 76' lang='lat' dir='ltr'><strong>tractaverunt.</strong></span> <span class='ocrx_word' id='word_1_84' title='bbox 1384 2041 1586 2109; x_wconf 84' lang='lat' dir='ltr'><strong>Unde</strong></span> <span class='ocrx_word' id='word_1_85' title='bbox 1649 2041 1853 2131; x_wconf 88' lang='lat' dir='ltr'><strong>Hugo</strong></span> <span class='ocrx_word' id='word_1_86' title='bbox 1920 2040 2002 2108; x_wconf 89' lang='lat' dir='ltr'><strong>de</strong></span> <span class='ocrx_word' id='word_1_87' title='bbox 2065 2041 2361 2122; x_wconf 84' lang='lat' dir='ltr'><strong>Nonant,</strong></span> <span class='ocrx_word' id='word_1_88' title='bbox 2411 2040 2674 2109; x_wconf 83' lang='lat' dir='ltr'><strong>Ooven·</strong></span> <span class='ocrx_word' id='word_1_89' title='bbox 2740 2066 2803 2114; x_wconf 78' lang='lat' dir='ltr'><strong>ro.</strong></span> <span class='ocrx_word' id='word_1_90' title='bbox 2818 2069 2896 2117; x_wconf 73' lang='lat'><strong>176</strong></span> <span class='ocrx_word' id='word_1_91' title='bbox 2911 2076 2973 2118; x_wconf 70' lang='lat' dir='ltr'><strong>vv.</strong></span> 
     </span>
     <span class='ocr_line' id='line_1_13' title="bbox 574 2144 2669 2237; baseline 0.002 -26"><span class='ocrx_word' id='word_1_92' title='bbox 574 2144 814 2214; x_wconf 86' lang='lat' dir='ltr'><strong>trensis</strong></span> <span class='ocrx_word' id='word_1_93' title='bbox 857 2146 1001 2214; x_wconf 83' lang='lat' dir='ltr'><strong>sive</strong></span> <span class='ocrx_word' id='word_1_94' title='bbox 1047 2145 1412 2216; x_wconf 88' lang='lat' dir='ltr'><strong>Cestrensis</strong></span> <span class='ocrx_word' id='word_1_95' title='bbox 1457 2146 1814 2236; x_wconf 85' lang='lat' dir='ltr'><strong>episcopus,</strong></span> <span class='ocrx_word' id='word_1_96' title='bbox 1843 2146 1918 2214; x_wconf 91' lang='lat' dir='ltr'><strong>in</strong></span> <span class='ocrx_word' id='word_1_97' title='bbox 1959 2145 2085 2214; x_wconf 86' lang='lat' dir='ltr'><strong>hac</strong></span> <span class='ocrx_word' id='word_1_98' title='bbox 2130 2144 2346 2214; x_wconf 84' lang='lat' dir='ltr'><strong>forma</strong></span> <span class='ocrx_word' id='word_1_99' title='bbox 2389 2146 2669 2237; x_wconf 80' lang='lat' dir='ltr'><strong>scripsit.</strong></span> 
     </span>
    </p>
   </div>
   <div class='ocr_carea' id='block_1_7' title="bbox 1125 2357 2096 2433">
    <p class='ocr_par' dir='ltr' id='par_1_8' title="bbox 1125 2357 2096 2433">
     <span class='ocr_line' id='line_1_14' title="bbox 1125 2357 2096 2433; baseline 0.001 -18"><span class='ocrx_word' id='word_1_100' title='bbox 1125 2359 1394 2433; x_wconf 72' lang='lat' dir='ltr'><strong>Epistola</strong></span> <span class='ocrx_word' id='word_1_101' title='bbox 1425 2358 1693 2432; x_wconf 72' lang='lat' dir='ltr'><strong>Huyonis</strong></span> <span class='ocrx_word' id='word_1_102' title='bbox 1731 2357 1799 2416; x_wconf 77' lang='lat' dir='ltr'><strong>do</strong></span> <span class='ocrx_word' id='word_1_103' title='bbox 1833 2358 2096 2418; x_wconf 64' lang='lat' dir='ltr'><strong>Nunavd.</strong></span> 
     </span>
    </p>
   </div>
   <div class='ocr_carea' id='block_1_8' title="bbox 240 2486 2964 2828">
    <p class='ocr_par' dir='ltr' id='par_1_9' title="bbox 240 2486 2921 2588">
     <span class='ocr_line' id='line_1_15' title="bbox 240 2486 2921 2588; baseline 0.003 -47"><span class='ocrx_word' id='word_1_104' title='bbox 240 2486 471 2588; x_wconf 53' lang='lat' dir='ltr'>ffl&#39;ffin’</span> <span class='ocrx_word' id='word_1_105' title='bbox 645 2502 687 2529; x_wconf 72' lang='grc' dir='ltr'><strong>ιι</strong></span> <span class='ocrx_word' id='word_1_106' title='bbox 713 2498 855 2569; x_wconf 63' lang='lat' dir='ltr'><strong>Qum</strong></span> <span class='ocrx_word' id='word_1_107' title='bbox 902 2498 1238 2558; x_wconf 87' lang='lat' dir='ltr'><strong>litterarum</strong></span> <span class='ocrx_word' id='word_1_108' title='bbox 1290 2499 1557 2573; x_wconf 75' lang='lat' dir='ltr'><strong>apicibus</strong></span> <span class='ocrx_word' id='word_1_109' title='bbox 1611 2499 1984 2569; x_wconf 72' lang='lat' dir='ltr'><strong>adnotantur,</strong></span> <span class='ocrx_word' id='word_1_110' title='bbox 2024 2496 2359 2573; x_wconf 75' lang='lat' dir='ltr'><strong>posteritati</strong></span> <span class='ocrx_word' id='word_1_111' title='bbox 2404 2497 2667 2574; x_wconf 84' lang='lat' dir='ltr'><strong>profecto</strong></span> <span class='ocrx_word' id='word_1_112' title='bbox 2691 2511 2854 2562; x_wconf 71' lang='lat' dir='ltr'><strong>Letter</strong></span> <span class='ocrx_word' id='word_1_113' title='bbox 2867 2515 2921 2561; x_wconf 76' lang='lat' dir='ltr'><strong>or</strong></span> 
     </span>
    </p>

    <p class='ocr_par' dir='ltr' id='par_1_10' title="bbox 426 2568 2964 2828">
     <span class='ocr_line' id='line_1_16' title="bbox 426 2568 2964 2663; baseline -0.019 16"><span class='ocrx_word' id='word_1_114' title='bbox 426 2575 439 2589; x_wconf 41' lang='lat'>⁸</span> <span class='ocrx_word' id='word_1_115' title='bbox 574 2586 616 2615; x_wconf 63' lang='lat'><strong>‘⁶</strong></span> <span class='ocrx_word' id='word_1_116' title='bbox 653 2585 983 2658; x_wconf 70' lang='lat' dir='ltr'><strong>⁸ig¹²³¹1¹¹²¹²¹⁸2</strong></span> <span class='ocrx_word' id='word_1_117' title='bbox 1010 2592 1080 2642; x_wconf 70' lang='lat'><strong>¹²¹³</strong></span> <span class='ocrx_word' id='word_1_118' title='bbox 1102 2585 1320 2658; x_wconf 74' lang='lat' dir='ltr'><strong>pagina.</strong></span> <span class='ocrx_word' id='word_1_119' title='bbox 1339 2602 1664 2658; x_wconf 87' lang='lat' dir='ltr'><strong>paucorum</strong></span> <span class='ocrx_word' id='word_1_120' title='bbox 1686 2585 2001 2642; x_wconf 79' lang='lat' dir='ltr'><strong>testatione</strong></span> <span class='ocrx_word' id='word_1_121' title='bbox 2036 2586 2311 2644; x_wconf 86' lang='lat' dir='ltr'><strong>roborata</strong></span> <span class='ocrx_word' id='word_1_122' title='bbox 2344 2586 2666 2642; x_wconf 89' lang='lat' dir='ltr'><strong>multorum</strong></span> <span class='ocrx_word' id='word_1_123' title='bbox 2691 2568 2964 2663; x_wconf 43' lang='lat' dir='ltr'><strong>§3523OE</strong></span> 
     </span>
     <span class='ocr_line' id='line_1_17' title="bbox 575 2669 2959 2744; baseline 0.008 -47"><span class='ocrx_word' id='word_1_124' title='bbox 575 2673 615 2699; x_wconf 65' lang='grc' dir='ltr'><strong>«ι</strong></span> <span class='ocrx_word' id='word_1_125' title='bbox 654 2670 923 2728; x_wconf 79' lang='lat' dir='ltr'><strong>consulat</strong></span> <span class='ocrx_word' id='word_1_126' title='bbox 957 2669 1138 2730; x_wconf 84' lang='lat' dir='ltr'><strong>saluti</strong></span> <span class='ocrx_word' id='word_1_127' title='bbox 1172 2670 1271 2727; x_wconf 83' lang='lat' dir='ltr'><strong>vel</strong></span> <span class='ocrx_word' id='word_1_128' title='bbox 1305 2669 1631 2742; x_wconf 82' lang='lat' dir='ltr'><strong>prospiciat</strong></span> <span class='ocrx_word' id='word_1_129' title='bbox 1665 2669 2060 2727; x_wconf 82' lang='lat' dir='ltr'><strong>indemnitati.</strong></span> <span class='ocrx_word' id='word_1_130' title='bbox 2134 2670 2304 2741; x_wconf 78' lang='lat' dir='ltr'><strong>Quod</strong></span> <span class='ocrx_word' id='word_1_131' title='bbox 2322 2671 2666 2744; x_wconf 86' lang='lat' dir='ltr'><strong>proponitur</strong></span> <span class='ocrx_word' id='word_1_132' title='bbox 2689 2670 2773 2713; x_wconf 76' lang='lat' dir='ltr'><strong>tho</strong></span> <span class='ocrx_word' id='word_1_133' title='bbox 2789 2682 2892 2713; x_wconf 66' lang='lat' dir='ltr'><strong>caso</strong></span> <span class='ocrx_word' id='word_1_134' title='bbox 2907 2671 2959 2713; x_wconf 81' lang='lat' dir='ltr'><strong>ot</strong></span> 
     </span>
     <span class='ocr_line' id='line_1_18' title="bbox 573 2720 2958 2828; baseline -0.008 -46"><span class='ocrx_word' id='word_1_135' title='bbox 573 2758 613 2785; x_wconf 69' lang='grc' dir='ltr'><strong>«ι</strong></span> <span class='ocrx_word' id='word_1_136' title='bbox 649 2756 718 2812; x_wconf 87' lang='lat' dir='ltr'><strong>fit</strong></span> <span class='ocrx_word' id='word_1_137' title='bbox 752 2756 925 2828; x_wconf 86' lang='lat' dir='ltr'><strong>quasi</strong></span> <span class='ocrx_word' id='word_1_138' title='bbox 960 2755 1024 2811; x_wconf 91' lang='lat' dir='ltr'><strong>in</strong></span> <span class='ocrx_word' id='word_1_139' title='bbox 1059 2755 1412 2828; x_wconf 83' lang='lat' dir='ltr'><strong>exemplum.</strong></span> <span class='ocrx_word' id='word_1_140' title='bbox 1483 2754 1677 2811; x_wconf 85' lang='lat' dir='ltr'><strong>Multa</strong></span> <span class='ocrx_word' id='word_1_141' title='bbox 1705 2755 1864 2812; x_wconf 89' lang='lat' dir='ltr'><strong>enim</strong></span> <span class='ocrx_word' id='word_1_142' title='bbox 1888 2754 2228 2812; x_wconf 86' lang='lat' dir='ltr'><strong>scribuntur</strong></span> <span class='ocrx_word' id='word_1_143' title='bbox 2252 2755 2328 2814; x_wconf 87' lang='lat' dir='ltr'><strong>ad</strong></span> <span class='ocrx_word' id='word_1_144' title='bbox 2350 2756 2662 2825; x_wconf 74' lang='lat' dir='ltr'><strong>cautelam,</strong></span> <span class='ocrx_word' id='word_1_145' title='bbox 2689 2720 2958 2823; x_wconf 52' lang='lat' dir='ltr'><strong>glffifyifhop</strong></span> 
     </span>
    </p>
   </div>
   <div class='ocr_carea' id='block_1_9' title="bbox 571 2839 2668 3339">
    <p class='ocr_par' dir='ltr' id='par_1_11' title="bbox 571 2839 2668 3339">
     <span class='ocr_line' id='line_1_19' title="bbox 571 2839 2660 2909; baseline 0 -13"><span class='ocrx_word' id='word_1_146' title='bbox 571 2843 611 2870; x_wconf 91' lang='lat'><strong>“</strong></span> <span class='ocrx_word' id='word_1_147' title='bbox 647 2845 718 2897; x_wconf 88' lang='lat' dir='ltr'><strong>nt</strong></span> <span class='ocrx_word' id='word_1_148' title='bbox 751 2841 929 2908; x_wconf 87' lang='lat' dir='ltr'><strong>fiant;</strong></span> <span class='ocrx_word' id='word_1_149' title='bbox 970 2844 1032 2895; x_wconf 91' lang='lat' dir='ltr'><strong>et</strong></span> <span class='ocrx_word' id='word_1_150' title='bbox 1065 2840 1254 2896; x_wconf 89' lang='lat' dir='ltr'><strong>multa</strong></span> <span class='ocrx_word' id='word_1_151' title='bbox 1289 2839 1630 2897; x_wconf 85' lang='lat' dir='ltr'><strong>scribuntur</strong></span> <span class='ocrx_word' id='word_1_152' title='bbox 1666 2839 1742 2895; x_wconf 88' lang='lat' dir='ltr'><strong>ad</strong></span> <span class='ocrx_word' id='word_1_153' title='bbox 1779 2839 2091 2906; x_wconf 81' lang='lat' dir='ltr'><strong>cautelam,</strong></span> <span class='ocrx_word' id='word_1_154' title='bbox 2117 2857 2193 2896; x_wconf 91' lang='lat' dir='ltr'><strong>ne</strong></span> <span class='ocrx_word' id='word_1_155' title='bbox 2228 2839 2361 2896; x_wconf 90' lang='lat' dir='ltr'><strong>fieri</strong></span> <span class='ocrx_word' id='word_1_156' title='bbox 2391 2839 2660 2909; x_wconf 89' lang='lat' dir='ltr'><strong>debeant,</strong></span> 
     </span>
     <span class='ocr_line' id='line_1_20' title="bbox 574 2924 2668 2999; baseline 0 -17"><span class='ocrx_word' id='word_1_157' title='bbox 574 2928 613 2954; x_wconf 92' lang='lat'><strong>“</strong></span> <span class='ocrx_word' id='word_1_158' title='bbox 650 2931 718 2983; x_wconf 87' lang='lat' dir='ltr'><strong>ut</strong></span> <span class='ocrx_word' id='word_1_159' title='bbox 767 2925 832 2982; x_wconf 92' lang='lat' dir='ltr'><strong>in</strong></span> <span class='ocrx_word' id='word_1_160' title='bbox 884 2925 1135 2983; x_wconf 85' lang='lat' dir='ltr'><strong>ecclesia</strong></span> <span class='ocrx_word' id='word_1_161' title='bbox 1170 2924 1396 2983; x_wconf 83' lang='lat' dir='ltr'><strong>Christi</strong></span> <span class='ocrx_word' id='word_1_162' title='bbox 1449 2925 1512 2981; x_wconf 92' lang='lat' dir='ltr'><strong>in</strong></span> <span class='ocrx_word' id='word_1_163' title='bbox 1562 2930 1819 2998; x_wconf 87' lang='lat' dir='ltr'><strong>utraque</strong></span> <span class='ocrx_word' id='word_1_164' title='bbox 1870 2924 2156 2998; x_wconf 86' lang='lat' dir='ltr'><strong>proficiat,</strong></span> <span class='ocrx_word' id='word_1_165' title='bbox 2196 2929 2259 2982; x_wconf 89' lang='lat' dir='ltr'><strong>et</strong></span> <span class='ocrx_word' id='word_1_166' title='bbox 2308 2943 2445 2983; x_wconf 86' lang='lat' dir='ltr'><strong>cum</strong></span> <span class='ocrx_word' id='word_1_167' title='bbox 2492 2944 2668 2999; x_wconf 87' lang='lat' dir='ltr'><strong>appe-</strong></span> 
     </span>
     <span class='ocr_line' id='line_1_21' title="bbox 574 3009 2668 3084; baseline -0 -17"><span class='ocrx_word' id='word_1_168' title='bbox 574 3013 613 3040; x_wconf 90' lang='lat'><strong>“</strong></span> <span class='ocrx_word' id='word_1_169' title='bbox 649 3011 827 3068; x_wconf 87' lang='lat' dir='ltr'><strong>tenda</strong></span> <span class='ocrx_word' id='word_1_170' title='bbox 849 3011 1116 3084; x_wconf 81' lang='lat' dir='ltr'><strong>inquirit,</strong></span> <span class='ocrx_word' id='word_1_171' title='bbox 1145 3016 1206 3067; x_wconf 87' lang='lat' dir='ltr'><strong>et</strong></span> <span class='ocrx_word' id='word_1_172' title='bbox 1242 3029 1379 3068; x_wconf 87' lang='lat' dir='ltr'><strong>cum</strong></span> <span class='ocrx_word' id='word_1_173' title='bbox 1413 3009 1698 3083; x_wconf 83' lang='lat' dir='ltr'><strong>fugienda</strong></span> <span class='ocrx_word' id='word_1_174' title='bbox 1733 3010 1839 3083; x_wconf 89' lang='lat' dir='ltr'><strong>qui</strong></span> <span class='ocrx_word' id='word_1_175' title='bbox 1873 3010 2149 3067; x_wconf 77' lang='lat' dir='ltr'><strong>declinat.</strong></span> <span class='ocrx_word' id='word_1_176' title='bbox 2226 3009 2445 3068; x_wconf 84' lang='lat' dir='ltr'><strong>Casum</strong></span> <span class='ocrx_word' id='word_1_177' title='bbox 2466 3011 2668 3084; x_wconf 84' lang='lat' dir='ltr'><strong>itaque</strong></span> 
     </span>
     <span class='ocr_line' id='line_1_22' title="bbox 574 3094 2666 3168; baseline 0.001 -17"><span class='ocrx_word' id='word_1_178' title='bbox 574 3097 613 3124; x_wconf 90' lang='lat'><strong>“</strong></span> <span class='ocrx_word' id='word_1_179' title='bbox 650 3094 906 3154; x_wconf 83' lang='lat' dir='ltr'><strong>Eliensis</strong></span> <span class='ocrx_word' id='word_1_180' title='bbox 960 3096 1223 3168; x_wconf 84' lang='lat' dir='ltr'><strong>episcopi</strong></span> <span class='ocrx_word' id='word_1_181' title='bbox 1277 3096 1353 3153; x_wconf 84' lang='lat' dir='ltr'><strong>ad</strong></span> <span class='ocrx_word' id='word_1_182' title='bbox 1403 3096 1677 3153; x_wconf 83' lang='lat' dir='ltr'><strong>notitiam</strong></span> <span class='ocrx_word' id='word_1_183' title='bbox 1725 3094 1991 3152; x_wconf 90' lang='lat' dir='ltr'><strong>omnium</strong></span> <span class='ocrx_word' id='word_1_184' title='bbox 2039 3095 2260 3155; x_wconf 87' lang='lat' dir='ltr'><strong>litteris</strong></span> <span class='ocrx_word' id='word_1_185' title='bbox 2306 3096 2666 3154; x_wconf 86' lang='lat' dir='ltr'><strong>instantibus</strong></span> 
     </span>
     <span class='ocr_line' id='line_1_23' title="bbox 573 3180 2666 3254; baseline -0.001 -15"><span class='ocrx_word' id='word_1_186' title='bbox 573 3184 612 3211; x_wconf 77' lang='lat'><strong>‘⁴</strong></span> <span class='ocrx_word' id='word_1_187' title='bbox 649 3182 923 3239; x_wconf 82' lang='lat' dir='ltr'><strong>volumus</strong></span> <span class='ocrx_word' id='word_1_188' title='bbox 972 3181 1038 3237; x_wconf 89' lang='lat' dir='ltr'><strong>in</strong></span> <span class='ocrx_word' id='word_1_189' title='bbox 1072 3186 1374 3254; x_wconf 83' lang='lat' dir='ltr'><strong>posterum</strong></span> <span class='ocrx_word' id='word_1_190' title='bbox 1409 3180 1767 3253; x_wconf 81' lang='lat' dir='ltr'><strong>consignari,</strong></span> <span class='ocrx_word' id='word_1_191' title='bbox 1807 3186 1877 3238; x_wconf 86' lang='lat' dir='ltr'><strong>ut</strong></span> <span class='ocrx_word' id='word_1_192' title='bbox 1909 3180 1973 3237; x_wconf 90' lang='lat' dir='ltr'><strong>in</strong></span> <span class='ocrx_word' id='word_1_193' title='bbox 2007 3180 2121 3238; x_wconf 90' lang='lat' dir='ltr'><strong>hoc</strong></span> <span class='ocrx_word' id='word_1_194' title='bbox 2156 3181 2479 3253; x_wconf 87' lang='lat' dir='ltr'><strong>exemplari</strong></span> <span class='ocrx_word' id='word_1_195' title='bbox 2516 3198 2666 3240; x_wconf 84' lang='lat' dir='ltr'><strong>sem-</strong></span> 
     </span>
     <span class='ocr_line' id='line_1_24' title="bbox 573 3264 2667 3339; baseline 0 -17"><span class='ocrx_word' id='word_1_196' title='bbox 573 3268 612 3295; x_wconf 90' lang='lat'><strong>“</strong></span> <span class='ocrx_word' id='word_1_197' title='bbox 648 3284 756 3339; x_wconf 91' lang='lat' dir='ltr'><strong>per</strong></span> <span class='ocrx_word' id='word_1_198' title='bbox 824 3265 1089 3323; x_wconf 82' lang='lat' dir='ltr'><strong>inveniat</strong></span> <span class='ocrx_word' id='word_1_199' title='bbox 1158 3272 1220 3323; x_wconf 86' lang='lat' dir='ltr'><strong>et</strong></span> <span class='ocrx_word' id='word_1_200' title='bbox 1287 3265 1594 3323; x_wconf 62' lang='lat' dir='ltr'><strong>humilima</strong></span> <span class='ocrx_word' id='word_1_201' title='bbox 1657 3264 1815 3338; x_wconf 89' lang='lat' dir='ltr'><strong>quod</strong></span> <span class='ocrx_word' id='word_1_202' title='bbox 1875 3271 2202 3338; x_wconf 86' lang='lat' dir='ltr'><strong>prosperet,</strong></span> <span class='ocrx_word' id='word_1_203' title='bbox 2267 3270 2329 3323; x_wconf 88' lang='lat' dir='ltr'><strong>et</strong></span> <span class='ocrx_word' id='word_1_204' title='bbox 2387 3265 2667 3338; x_wconf 86' lang='lat' dir='ltr'><strong>superbia</strong></span> 
     </span>
    </p>
   </div>
   <div class='ocr_carea' id='block_1_10' title="bbox 569 3348 2959 3452">
    <p class='ocr_par' dir='ltr' id='par_1_12' title="bbox 569 3348 2959 3452">
     <span class='ocr_line' id='line_1_25' title="bbox 569 3348 2959 3452; baseline -0.003 -43"><span class='ocrx_word' id='word_1_205' title='bbox 569 3354 609 3380; x_wconf 73' lang='lat'><strong>‘⁸</strong></span> <span class='ocrx_word' id='word_1_206' title='bbox 647 3351 804 3424; x_wconf 89' lang='lat' dir='ltr'><strong>quod</strong></span> <span class='ocrx_word' id='word_1_207' title='bbox 852 3350 1145 3408; x_wconf 84' lang='lat' dir='ltr'><strong>formidet.</strong></span> <span class='ocrx_word' id='word_1_208' title='bbox 1237 3350 1385 3408; x_wconf 81' lang='lat' dir='ltr'><strong>Erat</strong></span> <span class='ocrx_word' id='word_1_209' title='bbox 1433 3351 1589 3407; x_wconf 88' lang='lat' dir='ltr'><strong>enim</strong></span> <span class='ocrx_word' id='word_1_210' title='bbox 1641 3350 1746 3406; x_wconf 87' lang='lat' dir='ltr'><strong>ille</strong></span> <span class='ocrx_word' id='word_1_211' title='bbox 1798 3348 1894 3407; x_wconf 83' lang='lat' dir='ltr'><strong>vir</strong></span> <span class='ocrx_word' id='word_1_212' title='bbox 1952 3367 2205 3422; x_wconf 83' lang='lat' dir='ltr'><strong>magnus</strong></span> <span class='ocrx_word' id='word_1_213' title='bbox 2254 3350 2412 3406; x_wconf 89' lang='lat' dir='ltr'><strong>inter</strong></span> <span class='ocrx_word' id='word_1_214' title='bbox 2461 3369 2663 3427; x_wconf 85' lang='lat' dir='ltr'><strong>omnes</strong></span> <span class='ocrx_word' id='word_1_215' title='bbox 2686 3354 2959 3452; x_wconf 46' lang='lat' dir='ltr'><strong>gnusffiffiss</strong></span> 
     </span>
    </p>
   </div>
   <div class='ocr_carea' id='block_1_11' title="bbox 560 3434 2948 3933">
    <p class='ocr_par' dir='ltr' id='par_1_13' title="bbox 560 3434 2948 3933">
     <span class='ocr_line' id='line_1_26' title="bbox 569 3434 2923 3510; baseline -0.001 -16"><span class='ocrx_word' id='word_1_216' title='bbox 569 3438 609 3465; x_wconf 87' lang='lat'><strong>“</strong></span> <span class='ocrx_word' id='word_1_217' title='bbox 645 3436 1054 3501; x_wconf 87' lang='lat' dir='ltr'><strong>occidentales,</strong></span> <span class='ocrx_word' id='word_1_218' title='bbox 1115 3439 1319 3508; x_wconf 83' lang='lat' dir='ltr'><strong>utpote</strong></span> <span class='ocrx_word' id='word_1_219' title='bbox 1379 3434 1485 3507; x_wconf 83' lang='lat' dir='ltr'><strong>qui</strong></span> <span class='ocrx_word' id='word_1_220' title='bbox 1541 3434 1717 3507; x_wconf 84' lang='lat' dir='ltr'><strong>regni</strong></span> <span class='ocrx_word' id='word_1_221' title='bbox 1776 3438 2125 3506; x_wconf 86' lang='lat' dir='ltr'><strong>potestatem</strong></span> <span class='ocrx_word' id='word_1_222' title='bbox 2186 3439 2248 3490; x_wconf 89' lang='lat' dir='ltr'><strong>et</strong></span> <span class='ocrx_word' id='word_1_223' title='bbox 2306 3434 2464 3491; x_wconf 84' lang='lat' dir='ltr'><strong>sedis</strong></span> <span class='ocrx_word' id='word_1_224' title='bbox 2528 3452 2663 3506; x_wconf 89' lang='lat' dir='ltr'><strong>apo·</strong></span> <span class='ocrx_word' id='word_1_225' title='bbox 2686 3457 2923 3510; x_wconf 57' lang='lat' dir='ltr'><strong>,nam</strong></span> 
     </span>
     <span class='ocr_line' id='line_1_27' title="bbox 568 3508 2948 3612; baseline -0.001 -33"><span class='ocrx_word' id='word_1_226' title='bbox 568 3524 608 3550; x_wconf 89' lang='lat'><strong><em>“</em></strong></span> <span class='ocrx_word' id='word_1_227' title='bbox 645 3521 868 3579; x_wconf 78' lang='lat' dir='ltr'><strong>stolicae</strong></span> <span class='ocrx_word' id='word_1_228' title='bbox 916 3520 1331 3577; x_wconf 85' lang='lat' dir='ltr'><strong>auctoritatem</strong></span> <span class='ocrx_word' id='word_1_229' title='bbox 1389 3518 1562 3590; x_wconf 87' lang='lat' dir='ltr'><strong>quasi</strong></span> <span class='ocrx_word' id='word_1_230' title='bbox 1607 3516 2011 3577; x_wconf 87' lang='lat' dir='ltr'><strong>ambidextera</strong></span> <span class='ocrx_word' id='word_1_231' title='bbox 2055 3516 2327 3587; x_wconf 78' lang='lat' dir='ltr'><strong>habebat,</strong></span> <span class='ocrx_word' id='word_1_232' title='bbox 2380 3522 2441 3577; x_wconf 78' lang='lat' dir='ltr'><strong>et</strong></span> <span class='ocrx_word' id='word_1_233' title='bbox 2495 3519 2660 3590; x_wconf 85' lang='lat' dir='ltr'><strong>regis</strong></span> <span class='ocrx_word' id='word_1_234' title='bbox 2683 3508 2948 3612; x_wconf 47' lang='grc' dir='ltr'><strong>ξῧζξζηᾞ</strong></span> 
     </span>
     <span class='ocr_line' id='line_1_28' title="bbox 565 3602 2660 3680; baseline -0.002 -16"><span class='ocrx_word' id='word_1_235' title='bbox 565 3610 604 3637; x_wconf 87' lang='grc'><strong>“</strong></span> <span class='ocrx_word' id='word_1_236' title='bbox 643 3606 912 3680; x_wconf 84' lang='lat' dir='ltr'><strong>sigillum</strong></span> <span class='ocrx_word' id='word_1_237' title='bbox 963 3623 1140 3678; x_wconf 85' lang='lat' dir='ltr'><strong>super</strong></span> <span class='ocrx_word' id='word_1_238' title='bbox 1185 3621 1420 3661; x_wconf 88' lang='lat' dir='ltr'><strong>omnem</strong></span> <span class='ocrx_word' id='word_1_239' title='bbox 1465 3610 1688 3661; x_wconf 84' lang='lat' dir='ltr'><strong>terram</strong></span> <span class='ocrx_word' id='word_1_240' title='bbox 1734 3602 2029 3675; x_wconf 79' lang='lat' dir='ltr'><strong>gestabat,</strong></span> <span class='ocrx_word' id='word_1_241' title='bbox 2066 3607 2137 3658; x_wconf 84' lang='lat' dir='ltr'><strong>ut</strong></span> <span class='ocrx_word' id='word_1_242' title='bbox 2167 3621 2277 3676; x_wconf 89' lang='lat' dir='ltr'><strong>pro</strong></span> <span class='ocrx_word' id='word_1_243' title='bbox 2313 3621 2422 3661; x_wconf 80' lang='lat' dir='ltr'><strong>sua</strong></span> <span class='ocrx_word' id='word_1_244' title='bbox 2453 3603 2660 3662; x_wconf 80' lang='lat' dir='ltr'><strong>volun-</strong></span> 
     </span>
     <span class='ocr_line' id='line_1_29' title="bbox 561 3686 2659 3763; baseline -0.001 -14"><span class='ocrx_word' id='word_1_245' title='bbox 561 3694 603 3721; x_wconf 90' lang='lat'><strong>“</strong></span> <span class='ocrx_word' id='word_1_246' title='bbox 639 3698 760 3749; x_wconf 79' lang='lat' dir='ltr'><strong>tate</strong></span> <span class='ocrx_word' id='word_1_247' title='bbox 794 3695 998 3763; x_wconf 84' lang='lat' dir='ltr'><strong>posset</strong></span> <span class='ocrx_word' id='word_1_248' title='bbox 1033 3691 1375 3762; x_wconf 87' lang='lat' dir='ltr'><strong>impetrare,</strong></span> <span class='ocrx_word' id='word_1_249' title='bbox 1417 3694 1478 3746; x_wconf 89' lang='lat' dir='ltr'><strong>et</strong></span> <span class='ocrx_word' id='word_1_250' title='bbox 1512 3688 1586 3745; x_wconf 90' lang='lat' dir='ltr'><strong>de</strong></span> <span class='ocrx_word' id='word_1_251' title='bbox 1621 3692 1915 3761; x_wconf 83' lang='lat' dir='ltr'><strong>potestate</strong></span> <span class='ocrx_word' id='word_1_252' title='bbox 1950 3686 2179 3747; x_wconf 80' lang='lat' dir='ltr'><strong>valeret</strong></span> <span class='ocrx_word' id='word_1_253' title='bbox 2214 3689 2412 3745; x_wconf 86' lang='lat' dir='ltr'><strong>omnia</strong></span> <span class='ocrx_word' id='word_1_254' title='bbox 2445 3688 2659 3746; x_wconf 82' lang='lat' dir='ltr'><strong>affectu</strong></span> 
     </span>
     <span class='ocr_line' id='line_1_30' title="bbox 561 3770 2654 3849; baseline -0.002 -15"><span class='ocrx_word' id='word_1_255' title='bbox 561 3780 603 3807; x_wconf 89' lang='lat'><strong>“</strong></span> <span class='ocrx_word' id='word_1_256' title='bbox 640 3776 995 3849; x_wconf 88' lang='lat' dir='ltr'><strong>mancipare,</strong></span> <span class='ocrx_word' id='word_1_257' title='bbox 1034 3780 1103 3831; x_wconf 89' lang='lat' dir='ltr'><strong>ut</strong></span> <span class='ocrx_word' id='word_1_258' title='bbox 1147 3776 1370 3848; x_wconf 88' lang='lat' dir='ltr'><strong>pariter</strong></span> <span class='ocrx_word' id='word_1_259' title='bbox 1417 3791 1522 3831; x_wconf 82' lang='lat' dir='ltr'><strong>rex</strong></span> <span class='ocrx_word' id='word_1_260' title='bbox 1558 3778 1618 3830; x_wconf 88' lang='lat' dir='ltr'><strong>et</strong></span> <span class='ocrx_word' id='word_1_261' title='bbox 1653 3772 1926 3831; x_wconf 86' lang='lat' dir='ltr'><strong>sacerdos</strong></span> <span class='ocrx_word' id='word_1_262' title='bbox 1962 3773 2279 3831; x_wconf 84' lang='lat' dir='ltr'><strong>haberetur</strong></span> <span class='ocrx_word' id='word_1_263' title='bbox 2296 3770 2319 3806; x_wconf 82' lang='lat'><em>²</em></span> <span class='ocrx_word' id='word_1_264' title='bbox 2367 3779 2428 3830; x_wconf 91' lang='lat' dir='ltr'><strong>et</strong></span> <span class='ocrx_word' id='word_1_265' title='bbox 2462 3780 2654 3844; x_wconf 76' lang='lat' dir='ltr'><strong>esset3</strong></span> 
     </span>
     <span class='ocr_line' id='line_1_31' title="bbox 560 3857 2653 3933; baseline -0.002 -13"><span class='ocrx_word' id='word_1_266' title='bbox 560 3864 602 3892; x_wconf 83' lang='lat'><strong>“</strong></span> <span class='ocrx_word' id='word_1_267' title='bbox 639 3880 749 3920; x_wconf 84' lang='lat' dir='ltr'><strong>nec</strong></span> <span class='ocrx_word' id='word_1_268' title='bbox 802 3860 1056 3919; x_wconf 82' lang='lat' dir='ltr'><strong>inveniri</strong></span> <span class='ocrx_word' id='word_1_269' title='bbox 1107 3866 1309 3933; x_wconf 82' lang='lat' dir='ltr'><strong>posset</strong></span> <span class='ocrx_word' id='word_1_270' title='bbox 1369 3860 1472 3933; x_wconf 90' lang='lat' dir='ltr'><strong>qui</strong></span> <span class='ocrx_word' id='word_1_271' title='bbox 1522 3876 1645 3916; x_wconf 82' lang='lat' dir='ltr'><strong>suae</strong></span> <span class='ocrx_word' id='word_1_272' title='bbox 1707 3857 1953 3919; x_wconf 84' lang='lat' dir='ltr'><strong>auderet</strong></span> <span class='ocrx_word' id='word_1_273' title='bbox 2009 3859 2294 3917; x_wconf 85' lang='lat' dir='ltr'><strong>resistere</strong></span> <span class='ocrx_word' id='word_1_274' title='bbox 2344 3859 2653 3918; x_wconf 82' lang='lat' dir='ltr'><strong>voluntati.</strong></span> 
     </span>
    </p>
   </div>
   <div class='ocr_carea' id='block_1_12' title="bbox 231 3938 2656 4017">
    <p class='ocr_par' dir='ltr' id='par_1_14' title="bbox 231 3938 2656 4017">
     <span class='ocr_line' id='line_1_32' title="bbox 231 3938 2656 4017; baseline 0.001 -16"><span class='ocrx_word' id='word_1_275' title='bbox 231 3938 299 3987; x_wconf 65' lang='lat' dir='ltr'><strong>P&amp;</strong></span> <span class='ocrx_word' id='word_1_276' title='bbox 312 3942 457 3990; x_wconf 65' lang='lat' dir='ltr'><strong>mi·</strong></span> <span class='ocrx_word' id='word_1_277' title='bbox 483 3947 529 3991; x_wconf 82' lang='lat'><strong>9.</strong></span> <span class='ocrx_word' id='word_1_278' title='bbox 560 3951 600 3979; x_wconf 89' lang='lat'><strong>“</strong></span> <span class='ocrx_word' id='word_1_279' title='bbox 639 3946 928 4017; x_wconf 81' lang='lat' dir='ltr'><strong>Quoniam</strong></span> <span class='ocrx_word' id='word_1_280' title='bbox 984 3946 1113 4017; x_wconf 87' lang='lat' dir='ltr'><strong>ipse</strong></span> <span class='ocrx_word' id='word_1_281' title='bbox 1173 3946 1323 4002; x_wconf 87' lang='lat' dir='ltr'><strong>dixit</strong></span> <span class='ocrx_word' id='word_1_282' title='bbox 1382 3950 1443 4001; x_wconf 88' lang='lat' dir='ltr'><strong>et</strong></span> <span class='ocrx_word' id='word_1_283' title='bbox 1501 3945 1658 4001; x_wconf 85' lang='lat' dir='ltr'><strong>facta</strong></span> <span class='ocrx_word' id='word_1_284' title='bbox 1716 3950 1874 4011; x_wconf 83' lang='lat' dir='ltr'><strong>sunt,</strong></span> <span class='ocrx_word' id='word_1_285' title='bbox 1936 3944 2240 4003; x_wconf 78' lang='lat' dir='ltr'><strong>mandavit</strong></span> <span class='ocrx_word' id='word_1_286' title='bbox 2298 3950 2360 4002; x_wconf 88' lang='lat' dir='ltr'><strong>et</strong></span> <span class='ocrx_word' id='word_1_287' title='bbox 2416 3946 2656 4004; x_wconf 85' lang='lat' dir='ltr'><strong>inventa</strong></span> 
     </span>
    </p>
   </div>
   <div class='ocr_carea' id='block_1_13' title="bbox 548 4212 2652 4767">
    <p class='ocr_par' dir='ltr' id='par_1_15' title="bbox 548 4212 2652 4767">
     <span class='ocr_line' id='line_1_33' title="bbox 619 4212 2652 4284; baseline -0.001 -13"><span class='ocrx_word' id='word_1_288' title='bbox 619 4216 638 4253; x_wconf 88' lang='lat'><strong>¹</strong></span> <span class='ocrx_word' id='word_1_289' title='bbox 663 4214 748 4272; x_wconf 86' lang='lat' dir='ltr'><strong>On</strong></span> <span class='ocrx_word' id='word_1_290' title='bbox 766 4215 976 4284; x_wconf 76' lang='lat' dir='ltr'><strong>Friday,</strong></span> <span class='ocrx_word' id='word_1_291' title='bbox 997 4216 1084 4269; x_wconf 81' lang='lat' dir='ltr'><strong>the</strong></span> <span class='ocrx_word' id='word_1_292' title='bbox 1109 4212 1309 4269; x_wconf 75' lang='lat' dir='ltr'><strong>11thof</strong></span> <span class='ocrx_word' id='word_1_293' title='bbox 1322 4214 1556 4279; x_wconf 87' lang='lat' dir='ltr'><strong>October,</strong></span> <span class='ocrx_word' id='word_1_294' title='bbox 1644 4214 1738 4280; x_wconf 81' lang='lat' dir='ltr'><strong>ing</strong></span> <span class='ocrx_word' id='word_1_295' title='bbox 1774 4213 1843 4267; x_wconf 84' lang='lat' dir='ltr'><strong>he</strong></span> <span class='ocrx_word' id='word_1_296' title='bbox 1877 4228 1983 4266; x_wconf 74' lang='lat' dir='ltr'><strong>vas</strong></span> <span class='ocrx_word' id='word_1_297' title='bbox 2018 4214 2242 4266; x_wconf 71' lang='lat' dir='ltr'><strong>arx-ested</strong></span> <span class='ocrx_word' id='word_1_298' title='bbox 2284 4217 2387 4268; x_wconf 83' lang='lat' dir='ltr'><strong>and</strong></span> <span class='ocrx_word' id='word_1_299' title='bbox 2429 4217 2652 4284; x_wconf 75' lang='lat' dir='ltr'><strong>brought</strong></span> 
     </span>
     <span class='ocr_line' id='line_1_34' title="bbox 552 4292 2651 4360; baseline -0.002 -7"><span class='ocrx_word' id='word_1_300' title='bbox 552 4301 639 4354; x_wconf 82' lang='lat' dir='ltr'><strong>the</strong></span> <span class='ocrx_word' id='word_1_301' title='bbox 660 4300 950 4352; x_wconf 80' lang='lat' dir='ltr'><strong>chancellor</strong></span> <span class='ocrx_word' id='word_1_302' title='bbox 970 4292 1069 4349; x_wconf 75' lang='lat' dir='ltr'><strong>ssed</strong></span> <span class='ocrx_word' id='word_1_303' title='bbox 1095 4305 1150 4348; x_wconf 87' lang='lat' dir='ltr'><strong>to</strong></span> <span class='ocrx_word' id='word_1_304' title='bbox 1184 4297 1372 4356; x_wconf 77' lang='lat' dir='ltr'><strong>Dover,</strong></span> <span class='ocrx_word' id='word_1_305' title='bbox 1409 4296 1555 4360; x_wconf 87' lang='lat' dir='ltr'><strong>(Gir.</strong></span> <span class='ocrx_word' id='word_1_306' title='bbox 1645 4295 1779 4346; x_wconf 84' lang='lat' dir='ltr'><strong>back</strong></span> <span class='ocrx_word' id='word_1_307' title='bbox 1806 4315 1822 4355; x_wconf 68' lang='grc' dir='ltr'><strong>ς</strong></span> <span class='ocrx_word' id='word_1_308' title='bbox 1879 4310 1946 4345; x_wconf 89' lang='lat' dir='ltr'><strong>on</strong></span> <span class='ocrx_word' id='word_1_309' title='bbox 2001 4295 2088 4347; x_wconf 87' lang='lat' dir='ltr'><strong>the</strong></span> <span class='ocrx_word' id='word_1_310' title='bbox 2143 4294 2269 4345; x_wconf 73' lang='lat' dir='ltr'><strong>seth</strong></span> <span class='ocrx_word' id='word_1_311' title='bbox 2322 4297 2383 4347; x_wconf 81' lang='lat' dir='ltr'><strong>of</strong></span> <span class='ocrx_word' id='word_1_312' title='bbox 2431 4297 2651 4349; x_wconf 80' lang='lat' dir='ltr'><strong>October</strong></span> 
     </span>
     <span class='ocr_line' id='line_1_35' title="bbox 555 4373 2649 4445; baseline -0.003 -12"><span class='ocrx_word' id='word_1_313' title='bbox 555 4381 731 4434; x_wconf 84' lang='lat' dir='ltr'><strong>Camb.</strong></span> <span class='ocrx_word' id='word_1_314' title='bbox 766 4382 908 4445; x_wconf 83' lang='grc'>399,)</span> <span class='ocrx_word' id='word_1_315' title='bbox 948 4377 1259 4444; x_wconf 83' lang='lat' dir='ltr'><strong>proceedlng</strong></span> <span class='ocrx_word' id='word_1_316' title='bbox 1295 4391 1352 4428; x_wconf 80' lang='lat' dir='ltr'><strong>as</strong></span> <span class='ocrx_word' id='word_1_317' title='bbox 1384 4375 1465 4426; x_wconf 83' lang='lat' dir='ltr'><strong>far</strong></span> <span class='ocrx_word' id='word_1_318' title='bbox 1497 4390 1555 4427; x_wconf 80' lang='lat' dir='ltr'><strong>as</strong></span> <span class='ocrx_word' id='word_1_319' title='bbox 1643 4375 1824 4440; x_wconf 78' lang='lat' dir='ltr'><strong>finally</strong></span> <span class='ocrx_word' id='word_1_320' title='bbox 1846 4374 1939 4426; x_wconf 76' lang='lat' dir='ltr'><strong>left</strong></span> <span class='ocrx_word' id='word_1_321' title='bbox 1966 4373 2222 4441; x_wconf 81' lang='lat' dir='ltr'><strong>England‚</strong></span> <span class='ocrx_word' id='word_1_322' title='bbox 2243 4376 2345 4425; x_wconf 85' lang='lat' dir='ltr'><strong>and</strong></span> <span class='ocrx_word' id='word_1_323' title='bbox 2377 4375 2560 4428; x_wconf 80' lang='lat' dir='ltr'><strong>lauded</strong></span> <span class='ocrx_word' id='word_1_324' title='bbox 2590 4377 2649 4427; x_wconf 91' lang='lat' dir='ltr'><strong>in</strong></span> 
     </span>
     <span class='ocr_line' id='line_1_36' title="bbox 550 4454 2651 4524; baseline -0.003 -10"><span class='ocrx_word' id='word_1_325' title='bbox 550 4458 901 4524; x_wconf 63' lang='lat' dir='ltr'><strong>Boemondsey</strong></span> <span class='ocrx_word' id='word_1_326' title='bbox 938 4474 1006 4509; x_wconf 89' lang='lat' dir='ltr'><strong>on</strong></span> <span class='ocrx_word' id='word_1_327' title='bbox 1051 4457 1138 4510; x_wconf 81' lang='lat' dir='ltr'><strong>the</strong></span> <span class='ocrx_word' id='word_1_328' title='bbox 1184 4472 1315 4522; x_wconf 67' lang='lat' dir='ltr'><strong>way,</strong></span> <span class='ocrx_word' id='word_1_329' title='bbox 1361 4456 1451 4519; x_wconf 78' lang='lat' dir='ltr'><strong>(R.</strong></span> <span class='ocrx_word' id='word_1_330' title='bbox 1491 4456 1555 4506; x_wconf 88' lang='lat' dir='ltr'><strong>de</strong></span> <span class='ocrx_word' id='word_1_331' title='bbox 1642 4454 1954 4519; x_wconf 78' lang='lat' dir='ltr'><strong>Normandy.</strong></span> <span class='ocrx_word' id='word_1_332' title='bbox 2010 4454 2209 4519; x_wconf 83' lang='lat' dir='ltr'><strong>Diceto,</strong></span> <span class='ocrx_word' id='word_1_333' title='bbox 2231 4460 2345 4506; x_wconf 79' lang='lat'><strong>654.</strong></span> <span class='ocrx_word' id='word_1_334' title='bbox 2392 4454 2651 4519; x_wconf 73' lang='lat' dir='ltr'><strong>Giraldus,</strong></span> 
     </span>
     <span class='ocr_line' id='line_1_37' title="bbox 548 4532 2649 4605; baseline -0.002 -12"><span class='ocrx_word' id='word_1_335' title='bbox 548 4538 752 4600; x_wconf 84' lang='lat' dir='ltr'><strong>Diceto,</strong></span> <span class='ocrx_word' id='word_1_336' title='bbox 777 4541 901 4605; x_wconf 83' lang='grc'>665)</span> <span class='ocrx_word' id='word_1_337' title='bbox 923 4559 938 4598; x_wconf 79' lang='lat'>3</span> <span class='ocrx_word' id='word_1_338' title='bbox 974 4539 1077 4589; x_wconf 85' lang='lat' dir='ltr'><strong>and</strong></span> <span class='ocrx_word' id='word_1_339' title='bbox 1110 4553 1178 4588; x_wconf 91' lang='lat' dir='ltr'><strong>on</strong></span> <span class='ocrx_word' id='word_1_340' title='bbox 1202 4536 1455 4602; x_wconf 81' lang='lat' dir='ltr'><strong>Saturday</strong></span> <span class='ocrx_word' id='word_1_341' title='bbox 1487 4535 1553 4585; x_wconf 89' lang='lat' dir='ltr'><strong>he</strong></span> <span class='ocrx_word' id='word_1_342' title='bbox 1642 4534 1895 4597; x_wconf 78' lang='lat' dir='ltr'><strong>however,</strong></span> <span class='ocrx_word' id='word_1_343' title='bbox 1912 4534 2078 4598; x_wconf 83' lang='lat' dir='ltr'><strong>places</strong></span> <span class='ocrx_word' id='word_1_344' title='bbox 2097 4532 2179 4585; x_wconf 82' lang='lat' dir='ltr'><strong>his</strong></span> <span class='ocrx_word' id='word_1_345' title='bbox 2201 4540 2363 4585; x_wconf 83' lang='lat' dir='ltr'><strong>arrest</strong></span> <span class='ocrx_word' id='word_1_346' title='bbox 2384 4550 2451 4586; x_wconf 91' lang='lat' dir='ltr'><strong>on</strong></span> <span class='ocrx_word' id='word_1_347' title='bbox 2475 4534 2649 4590; x_wconf 57' lang='lat' dir='ltr'><strong>Satura</strong></span> 
     </span>
     <span class='ocr_line' id='line_1_38' title="bbox 548 4613 2018 4681; baseline -0.004 -9"><span class='ocrx_word' id='word_1_348' title='bbox 548 4638 656 4672; x_wconf 70' lang='lat' dir='ltr'><strong>was</strong></span> <span class='ocrx_word' id='word_1_349' title='bbox 700 4621 985 4671; x_wconf 84' lang='lat' dir='ltr'><strong>conducted</strong></span> <span class='ocrx_word' id='word_1_350' title='bbox 1038 4626 1091 4669; x_wconf 84' lang='lat' dir='ltr'><strong>to</strong></span> <span class='ocrx_word' id='word_1_351' title='bbox 1134 4619 1310 4669; x_wconf 81' lang='lat' dir='ltr'><strong>Dover</strong></span> <span class='ocrx_word' id='word_1_352' title='bbox 1351 4618 1423 4681; x_wconf 82' lang='lat' dir='ltr'><strong>by</strong></span> <span class='ocrx_word' id='word_1_353' title='bbox 1465 4615 1553 4665; x_wconf 88' lang='lat' dir='ltr'><strong>the</strong></span> <span class='ocrx_word' id='word_1_354' title='bbox 1644 4615 1745 4680; x_wconf 82' lang='lat' dir='ltr'><strong>day</strong></span> <span class='ocrx_word' id='word_1_355' title='bbox 1765 4613 1855 4665; x_wconf 84' lang='lat' dir='ltr'><strong>the</strong></span> <span class='ocrx_word' id='word_1_356' title='bbox 1880 4614 2018 4666; x_wconf 84' lang='lat' dir='ltr'><strong>12th.</strong></span> 
     </span>
     <span class='ocr_line' id='line_1_39' title="bbox 549 4692 2443 4767; baseline -0.003 -13"><span class='ocrx_word' id='word_1_357' title='bbox 549 4703 730 4767; x_wconf 82' lang='lat' dir='ltr'><strong>bishop</strong></span> <span class='ocrx_word' id='word_1_358' title='bbox 752 4701 814 4753; x_wconf 80' lang='lat' dir='ltr'><strong>of</strong></span> <span class='ocrx_word' id='word_1_359' title='bbox 837 4700 1116 4753; x_wconf 85' lang='lat' dir='ltr'><strong>Rochester</strong></span> <span class='ocrx_word' id='word_1_360' title='bbox 1136 4699 1238 4750; x_wconf 83' lang='lat' dir='ltr'><strong>and</strong></span> <span class='ocrx_word' id='word_1_361' title='bbox 1260 4698 1345 4748; x_wconf 85' lang='lat' dir='ltr'><strong>the</strong></span> <span class='ocrx_word' id='word_1_362' title='bbox 1377 4695 1559 4747; x_wconf 83' lang='lat' dir='ltr'><strong>eheriff</strong></span> <span class='ocrx_word' id='word_1_363' title='bbox 1708 4692 1730 4725; x_wconf 77' lang='lat'>²</span> <span class='ocrx_word' id='word_1_364' title='bbox 1764 4692 2046 4762; x_wconf 69' lang='lat' dir='ltr'><strong>haberetur]</strong></span> <span class='ocrx_word' id='word_1_365' title='bbox 2092 4693 2358 4761; x_wconf 81' lang='lat' dir='ltr'><strong>alerentur,</strong></span> <span class='ocrx_word' id='word_1_366' title='bbox 2381 4695 2443 4748; x_wconf 91' lang='lat' dir='ltr'><strong>B.</strong></span> 
     </span>
    </p>
   </div>
   <div class='ocr_carea' id='block_1_14' title="bbox 548 4776 1552 4844">
    <p class='ocr_par' dir='ltr' id='par_1_16' title="bbox 548 4776 1552 4844">
     <span class='ocr_line' id='line_1_40' title="bbox 548 4776 1552 4844; baseline -0.008 -9"><span class='ocrx_word' id='word_1_367' title='bbox 548 4784 611 4835; x_wconf 79' lang='lat' dir='ltr'><strong>of</strong></span> <span class='ocrx_word' id='word_1_368' title='bbox 631 4783 780 4836; x_wconf 82' lang='lat' dir='ltr'><strong>Kent.</strong></span> <span class='ocrx_word' id='word_1_369' title='bbox 850 4782 934 4834; x_wconf 88' lang='lat' dir='ltr'><strong>On</strong></span> <span class='ocrx_word' id='word_1_370' title='bbox 953 4780 1042 4832; x_wconf 83' lang='lat' dir='ltr'><strong>the</strong></span> <span class='ocrx_word' id='word_1_371' title='bbox 1064 4779 1336 4844; x_wconf 78' lang='lat' dir='ltr'><strong>Thursday</strong></span> <span class='ocrx_word' id='word_1_372' title='bbox 1356 4776 1552 4829; x_wconf 77' lang='lat' dir='ltr'><strong>follow-</strong></span> 
     </span>
    </p>
   </div>
  </div>
 </body>
</html>
