3585 5863
894 893 1021 956 240
1706 906 1920 955 assu
1965 905 2166 955 sams

590 1110 830 1172 Anum,
888 1104 1025 1148 non
1099 1105 1297 1149 ausus
1349 1082 1619 1148 'ibidem
1688 1082 1942 1148 diutius
2011 1104 2262 1148 moram
2339 1081 2569 1160 facere,
2639 1084 2714 1149 in
2783 1084 2996 1151 Coena
3025 1108 3266 1154 novesen

625 1163 753 1214 ‘³⁹⁸¹
770 1166 809 1207 ⁸'
889 1185 1163 1251 Domini
1224 1185 1699 1268 transfretavit,
1760 1192 1830 1252 et
1890 1186 2213 1274 applicuit
2273 1188 2453 1274 apud
2523 1187 2855 1270 Witsand,
2925 1195 2996 1255 et
3023 1164 3123 1204 ’ω’
3143 1162 3278 1205 “⁴³⁴

892 1290 1176 1354 multum
1216 1289 1655 1355 comminatus
1700 1296 1803 1355 est
1846 1290 2032 1376 genti
2076 1290 2354 1377 Angliae.

555 1401 816 1496 {gfosshnoz
983 1392 1075 1457 Et
1122 1392 1519 1458 novissimus
1564 1414 1743 1459 error
1786 1393 2074 1458 hominis
2120 1393 2298 1458 illius
2344 1396 2486 1458 erat
2532 1393 2715 1480 pejor
2760 1395 2993 1481 priore.

553 1507 603 1545 to
622 1465 829 1557 theffilns
893 1495 1042 1582 Ipse
1088 1495 1283 1574 enim,
1332 1500 1411 1561 ut
1456 1495 1817 1576 dicebatur,
1881 1495 2111 1561 statim
2170 1499 2519 1581 postquam
2565 1496 2995 1583 applicuerat,

554 1555 840 1667 0233&oess
889 1598 1182 1684 perrexit
1244 1599 1327 1663 ad
1392 1597 1772 1686 Philippum
1834 1620 2056 1685 regem
2102 1598 2421 1674 Franciae,
2467 1599 2812 1665 inimicum
2873 1601 2995 1666 do-

551 1702 811 1792 ffiyfflffss‘i‘ffl
890 1703 1054 1767 mini
1101 1703 1203 1766 sui
1250 1701 1420 1789 regis
1465 1701 1746 1790 Angues,
1796 1707 1865 1768 et
1908 1702 2318 1767 familiariter
2380 1724 2527 1767 cum
2593 1724 2669 1768 eo
2737 1724 2992 1769 moram

550 1792 839 1901 fffflffi'?
885 1806 1148 1883 faciens,
1195 1806 1409 1870 multa
1451 1804 1865 1871 machinatus
1912 1810 2027 1883 est,
2091 1809 2170 1869 ut
2229 1804 2591 1887 dicebatur,
2653 1808 2726 1871 in
2771 1808 2994 1894 perui-

890 1909 1055 1975 ciem
1102 1909 1274 1995 regis
1322 1908 1572 1973 domini
1616 1908 1719 1973 sui
1766 1914 1836 1973 et
1881 1907 2083 1994 regni.

556 2022 767 2075 Geoffrvy
979 2012 1230 2077 Eodem
1293 2033 1468 2077 anno
1530 2010 1884 2077 Gaufridus
1928 2010 2357 2075 Eboracensis
2402 2010 2604 2090 dedit,
2674 2016 2744 2076 et
2805 2017 2996 2078 carta
3025 2033 3285 2087 nonam.

556 2074 679 2124 gives
697 2074 778 2117 the
3022 2089 3126 2129 ms.
3143 2086 3194 2128 b,
3210 2092 3279 2138 45,

553 2125 832 2218 guffl‘ffissg’t‘
888 2137 1010 2180 sua
1053 2114 1489 2192 confirmavit,
1535 2114 1825 2179 abbatiae
1855 2112 2451 2179 sanctimonialium
2485 2113 2566 2178 de
2600 2113 2995 2193 Godestoue,
3022 2136 3240 2182 ason-ter.

555 2224 815 2318 ὃῦοξξῶξρῠ
889 2222 1223 2288 ecclesiam
1291 2222 1520 2288 Sancti
1591 2220 1955 2288 Clementis
1999 2220 2082 2286 de
2128 2220 2438 2299 EboracO,
2485 2242 2687 2305 quam
2732 2223 2994 2288 Tursti-

774 2307 785 2319 ·
887 2348 1014 2390 nus
1060 2325 1485 2399 Eboracensis
1529 2324 2049 2411 archiepiscopus
2094 2322 2406 2389 fundavit
2454 2324 2528 2387 in
2583 2322 2792 2390 fundo
2851 2348 2994 2405 suo,

888 2435 957 2494 et
1000 2429 1522 2495 sanctimoniales
1570 2429 1710 2495 Deo
1754 2427 1830 2493 in
1874 2433 2265 2514 perpetuum
2333 2426 2690 2492 servituras
2750 2430 2995 2495 consti·

889 2533 1025 2598 tuit
1071 2532 1143 2596 in
1189 2554 1279 2598 ea.
1375 2532 1540 2612 Quae
1607 2552 1755 2596 cum
1825 2529 1908 2594 ab
1977 2529 2137 2616 ipsis
2208 2528 2658 2595 fundamentis
2703 2530 2992 2598 ecclesiae

887 2635 1094 2700 libera
1156 2634 1537 2713 exstitisset,
1587 2639 1656 2699 et
1697 2633 1867 2698 nulli
1913 2633 2137 2697 domui
2196 2638 2363 2697 esset
2416 2633 2729 2718 subjecta,
2771 2634 2991 2722 indig-

889 2743 1051 2803 nata
1094 2745 1194 2804 est
1240 2738 1395 2804 inde
1440 2736 1657 2802 Alicia
1702 2735 2030 2822 priorissa,
2077 2741 2145 2800 et
2192 2756 2414 2800 omnes
2458 2736 2992 2804 sanctimoniales

890 2841 1182 2926 ejusdem
1251 2841 1534 2906 ecclesiae
1599 2838 1830 2904 Sancti
1900 2837 2262 2904 Clementis
2336 2839 2837 2925 appellaverunt
2902 2842 2992 2906 ad

890 2967 1221 3010 summum
1265 2945 1646 3032 pontificem
1692 2965 1810 3029 pro
1855 2942 2165 3009 libertate
2211 2941 2494 3008 ecolesiae
2540 2965 2675 3009 suae
2718 2945 2989 3012 tuenda.

551 3063 648 3157 ‘frug
665 3063 862 3157 &orosa
890 3048 980 3112 Et
1042 3047 1320 3133 praefata
1383 3045 1692 3131 priorissa
1755 3046 1984 3110 statim
2059 3050 2211 3131 post
2274 3043 2783 3133 appellationem
2859 3048 2990 3112 iter

551 3127 720 3207 i'nen't’s
731 3127 813 3216 gi>-
889 3150 1172 3236 arripuit
1216 3150 1304 3214 ad
1348 3169 1678 3213 summum
1724 3147 2119 3235 pontificem.
2231 3147 2363 3214 Sed
2410 3148 2839 3214 Eboracensis
2882 3172 2991 3215 ar-

552 3214 821 3333 ffiefssnd
890 3251 1335 3339 chiepiscopus
1378 3252 1451 3315 in
1496 3250 1681 3315 nullo
1728 3251 2026 3316 deferens
2095 3251 2524 3337 appellationi
2583 3273 2824 3330 earum,
2872 3275 2991 3318 ex-

550 3316 857 3461 Ξοὲἔὲξυί·
888 3353 1402 3421 communicavit
1469 3375 1595 3433 eas,
1659 3354 1817 3439 quia
1878 3354 2236 3418 noluerunt
2307 3354 2570 3419 obedire
2628 3354 2856 3420 domui
2901 3355 2988 3420 de

782 3449 794 3461 ”
890 3457 1279 3535 Godestoue,
1355 3478 1502 3543 quae
1579 3460 1680 3521 est
1756 3456 1827 3520 in
1904 3458 2284 3542 episcopatu
2359 3456 2738 3538 Lincolniae,
2811 3457 2990 3523 inter

890 3559 1271 3627 Oxenforde
1316 3565 1385 3625 et
1431 3558 1754 3625 Wdestoc.

552 3708 695 3760 Hugh
714 3708 765 3750 ο,
978 3661 1256 3727 Interim
1330 3662 1532 3749 Hugo
1625 3660 2091 3726 Dunelmensis
2144 3680 2147 3683 ’
2180 3659 2522 3748 episcopus
2608 3661 2990 3747 frequenter

551 3759 761 3801 numam
887 3766 1072 3831 misit
1101 3764 1374 3830 nuncios
1419 3785 1571 3829 suos
1618 3763 1703 3828 ad
1748 3763 2184 3829 Coelestinum
2212 3784 2544 3828 summum
2588 3765 2986 3850 pontificem.

548 3809 834 3912 muggam
887 3870 978 3934 Et
1022 3869 1177 3933 licet
1220 3889 1391 3953 papa
1435 3872 1502 3932 et
1547 3865 1742 3931 multi
1785 3865 2219 3930 cardinalium
2252 3888 2511 3931 causam
2557 3865 2988 3933 Eboraeensis

549 3911 826 4062 &33¹¹
885 3970 1353 4058 archiepiscopi
1423 3961 1637 4034 mo'dis
1706 3967 2012 4034 omnibus
2071 3965 2413 4046 fovissent,
2466 3974 2691 4034 tamen
2736 3970 2987 4035 Dimel-

548 4065 843 4164 ‘ffissffizm
885 4073 1127 4158 mensis
1173 4072 1526 4159 episcopus-
1558 4070 1833 4137 tandem
1863 4070 2128 4136 invenit
2177 4070 2465 4156 gratiam
2504 4072 2684 4157 apud
2728 4094 2986 4160 papam,

549 4164 671 4205 ‘⁰¹³⁰
689 4162 803 4205 ⁰¹¹⁰·
884 4177 1046 4241 adeo
1077 4175 1252 4262 quod
1298 4174 1435 4261 ipse
1480 4178 1550 4239 et
1593 4173 1887 4238 universi
1931 4172 2292 4238 cardinales
2333 4174 2796 4259 judicaverunt
2837 4197 2987 4241 sen-

886 4278 1166 4343 tentiam
1211 4275 1659 4354 anathematis
1705 4296 1905 4360 quam
1967 4275 2393 4340 Eboracensis
2462 4276 2987 4364 archiepiscopus

882 4380 1130 4446 tulerat
1206 4380 1279 4443 in
1355 4379 1732 4464 episcopum
1809 4377 2346 4454 Dunelmensem,
2412 4378 2665 4443 nullam
2740 4379 2988 4458 fuisse3

883 4488 1030 4549 tum
1076 4482 1236 4567 quia
1282 4480 1461 4545 idem
1507 4479 1848 4566 episcopus
1893 4479 2111 4545 fuerat
2171 4480 2401 4546 Romae
2468 4488 2885 4547 consecratus
2943 4507 2986 4548 a

885 4606 1141 4650 summo
1187 4582 1499 4672 pontifice
1535 4606 1551 4662 ;
1614 4587 1761 4646 tum
1826 4583 1987 4668 quia
2031 4584 2366 4649 sententia
2409 4583 2527 4649 illa
2570 4590 2721 4672 post
2763 4586 2986 4673 appel-

884 4689 1195 4753 lationem
1272 4685 1513 4751 factam
1578 4685 1650 4748 in
1713 4706 1864 4749 eum
1930 4685 2071 4750 lata
2140 4685 2287 4764 fuit,
2354 4691 2501 4751 tum
2578 4688 2734 4773 quia
2805 4689 2982 4754 idem

890 4788 1356 4855 Dunelmensis
1401 4788 1741 4876 episcopus
1786 4787 1872 4852 ab
1917 4792 2065 4854 octo
2110 4789 2217 4853 vel
2263 4787 2565 4875 pluribus
2618 4789 2804 4878 papis
2849 4793 2986 4878 pri-

902 4893 1256 4981 vilegiatus
1302 4890 1450 4970 fuit,
1510 4891 1687 4980 quod
1732 4890 1958 4955 nullus
2000 4896 2232 4980 potens
2275 4897 2446 4958 esset
2488 4891 2678 4957 illum
2721 4913 2988 4963 exeom-
