3585 5863
935 871 1041 931 CIX
1445 879 1699 929 FOREST
1744 878 1980 927 ASSIZE
2028 877 2115 927 OF
2164 877 2408 927 HENRY
2454 878 2525 927 11.

606 1067 907 1164 {ff-om(
941 1046 1473 1119 esbrancaturam
1535 1053 1672 1118 sint
1736 1050 2135 1131 deteriorati,
2182 1050 2344 1137 quid
2407 1050 2562 1116 inde
2626 1051 2712 1115 ad
2774 1054 3032 1116 vastum

615 1171 843 1216 dememo-
945 1156 1183 1223 debeat
1240 1154 1550 1234 atomari‚
1598 1156 1704 1220 vel
1749 1155 1808 1218 si
1854 1155 1936 1221 dc
2003 1154 2321 1219 subbosco
2368 1155 2544 1220 vasti
2606 1154 2783 1219 sint:
2854 1158 2923 1218 ct
2967 1153 3034 1218 id

944 1260 1264 1325 scribatur
1309 1279 1425 1346 per
1469 1279 1551 1323 se.

1806 1411 1906 1477 Dc
1949 1411 2188 1478 eodem.

616 1556 877 1653 {th53oe
1040 1540 1143 1604 Dc
1210 1538 1357 1604 aliis
1424 1542 1646 1605 autem
1710 1539 1922 1604 boscis
1968 1539 2324 1605 videantur
2387 1544 2580 1605 vasta
2642 1541 2811 1606 sicut
2871 1542 3037 1606 anti-

618 1659 759 1704 νοω.
951 1644 1178 1730 quitus
1207 1642 1418 1707 videri
1466 1642 1698 1721 solent,
1743 1646 1815 1708 ct
1855 1641 2127 1707 nomina
2156 1642 2464 1708 villarum
2512 1649 2581 1709 et
2630 1643 3035 1711 dominorum

951 1747 1192 1834 quibus
1236 1745 1628 1832 appendent,
1677 1751 1747 1810 ct
1791 1745 2170 1811 scribantur
2213 1767 2329 1832 per
2372 1767 2455 1813 sc.

1809 1946 1908 2013 De
1951 1945 2184 2013 coelem.

620 2106 675 2148 V.
699 2105 851 2148 moses
1044 2075 1364 2141 Similiter
1393 2074 1697 2140 vidcndae
1727 2078 1888 2139 sunt
1932 2073 2102 2139 haiae
2132 2079 2201 2140 ct
2231 2073 2516 2141 defensae
2563 2075 2813 2141 domini
2857 2077 3042 2163 regis,

619 2155 891 2301 3333&
955 2179 1037 2244 dc
1067 2178 1306 2264 quibus
1349 2200 1544 2243 nemo
1588 2176 2045 2254 communicat,
2092 2182 2162 2242 ct
2205 2177 2276 2241 in
2321 2200 2470 2263 quae
2513 2179 2698 2243 nulla
2739 2179 3048 2244 animalia

753 2269 845 2310 mg.

956 2284 1207 2347 intrare
1252 2282 1515 2358 debent,
1560 2285 1631 2345 ct
1674 2284 1814 2344 tam
1862 2279 1944 2343 de
1990 2279 2184 2344 bosco
2230 2301 2427 2365 quam
2492 2282 2573 2346 dc
2635 2288 2919 2368 pastura,
2980 2287 3047 2347 ct

954 2384 1382 2472 herbergagio
1411 2383 1652 2449 sintin
1684 2382 1915 2447 codem
1944 2386 2127 2447 statu
2173 2383 2248 2446 in
2289 2402 2419 2468 quo
2463 2405 2601 2448 esse
2647 2383 2932 2448 debent:
2980 2390 3048 2450 et

955 2487 1328 2553 scribantur
1370 2507 1489 2573 pcr
1540 2507 1624 2550 sc.

1812 2638 1913 2704 Dc
1957 2636 2192 2704 eodem.

623 2780 703 2824 VI·
729 2779 893 2823 mnes·
1050 2765 1372 2831 Similiter
1401 2763 1762 2829 videndum
1795 2772 1896 2828 est
1928 2765 2009 2827 dc
2038 2761 2348 2839 mineriis,
2396 2763 2452 2827 si
2496 2762 2633 2828 sint
2677 2764 2749 2828 in
2793 2764 3048 2845 foresta,

961 2868 1107 2955 quis
1175 2889 1286 2931 eas
1355 2870 1557 2942 tenet,
1602 2870 1673 2930 et
1718 2886 1867 2952 quae
1913 2864 2186 2930 servitia
2251 2864 2406 2929 inde
2472 2866 2649 2945 facit,
2719 2871 2786 2933 ct
2843 2868 3048 2934 facere

961 2972 1192 3036 debet:
1242 2975 1311 3035 ct
1356 2970 1728 3035 scribantur
1773 2991 1890 3054 per
1933 2990 2018 3033 sc.

1821 3171 1921 3237 Dc
1964 3171 2204 3238 codem.

630 3327 736 3372 vn.
763 3325 938 3379 Byrsa,
1052 3298 1377 3364 Similiter
1407 3297 1773 3363 videndum
1805 3301 1908 3363 est
1938 3297 2019 3363 dc
2050 3299 2243 3363 aeriis
2286 3300 2669 3386 accipitrum
2697 3304 2769 3365 ct
2797 3321 3052 3388 sperna-

964 3404 1231 3478 riorum‚
1280 3401 1334 3466 si
1383 3401 1453 3465 in
1500 3401 1746 3467 foresta
1773 3401 2071 3480 fuerint;
2118 3402 2265 3487 quis
2312 3424 2422 3467 eas
2467 3402 2666 3469 habet
2711 3409 2780 3469 ct
2821 3403 3053 3469 habere

967 3505 1207 3585 ‹lebet3
1254 3527 1339 3569 an
1386 3504 1638 3569 domini
1682 3505 1855 3591 regis
1899 3526 1986 3568 an
2029 3504 2317 3570 alterius,

1830 3708 1928 3774 De
1973 3706 2210 3774 eodem.

634 3869 769 3915 vm,
794 3871 908 3915 Now
1063 3831 1385 3897 Similiter
1428 3831 1718 3897 videnda
1762 3840 1923 3897 sunt
1966 3838 2215 3898 essarta
2265 3839 2416 3921 post
2475 3833 2784 3900 ultimum
2843 3859 3054 3924 regar-

635 3925 816 3966 ⁰³³¹¹¹t⁸·
972 3935 1129 3999 dum
1175 3933 1367 4014 facta,
1414 3935 1661 4000 scilicet
1705 3947 2027 4020 quantum
2076 3937 2170 4000 ibi
2214 3937 2304 4002 sit
2348 3959 2463 4023 per
2490 3958 2838 4004 numerum
2884 3962 3056 4006 acra-

974 4060 1139 4116 rum,
1187 4041 1255 4101 ct
1298 4037 1447 4123 quis
1496 4037 1565 4100 in
1629 4059 1709 4101 ea
1766 4036 2007 4115 feccrit,
2060 4044 2128 4104 et
2192 4040 2338 4126 quis
2398 4044 2599 4120 tenet,
2644 4046 2713 4107 ct
2759 4043 2832 4105 in
2875 4043 3055 4130 cujus

976 4140 1167 4205 feodo
1212 4140 1369 4218 sint,
1415 4143 1487 4204 ct
1529 4140 1587 4203 si
1630 4138 2000 4204 inbladiata
2043 4141 2195 4219 sint,
2243 4149 2311 4207 et
2363 4163 2491 4227 quo
2538 4142 2733 4207 blado
2779 4145 2915 4210 sint
2960 4146 3056 4210 in-

969 4242 1304 4309 bladiata:
1354 4244 1424 4306 et
1467 4242 1841 4307 scribantur
1885 4265 2002 4329 per
2043 4266 2129 4309 sc.

1832 4449 1929 4512 De
1974 4447 2210 4514 eodem.

642 4584 726 4628 lx,
750 4586 930 4635 rot-scs.
1062 4572 1381 4637 Similiter
1456 4573 1760 4638 videndae
1835 4578 1991 4638 sunt
2080 4574 2305 4661 forgiae
2379 4575 2435 4639 si
2511 4579 2668 4641 sunt
2740 4574 2858 4640 ubi
2930 4597 3063 4641 csse

976 4676 1279 4752 debcant,
1325 4680 1395 4740 ct
1440 4675 1554 4740 ubi
1601 4675 1852 4741 fuerint
1897 4680 2194 4765 tempore
2242 4677 2515 4743 chrici
2582 4678 2752 4771 regis
2796 4683 2866 4743 ct
2911 4679 3064 4748 scri-

976 4778 1221 4844 bantur
1264 4799 1379 4864 pcr
1421 4800 1504 4843 se.
