3585 5863
818 821 902 883 58
1587 868 1597 879 .
1635 826 1848 879 omn
1891 826 2097 879 amm

517 1015 627 1060 ΔΛ).
646 1018 759 1061 1188.
821 1008 862 1035 “
900 1006 1056 1063 dinis
1092 1006 1363 1065 tramites
1391 1005 1724 1079 inquirendi
1747 1006 1970 1079 pariter
2002 1010 2064 1062 et
2097 1005 2403 1074 servandi3
2439 1025 2533 1073 ne,
2563 1005 2721 1080 quod
2743 1005 2915 1071 absit,
2942 1008 3184 1062 Emeda).

522 1067 652 1114 ‘¹⁸¹²‘
668 1070 734 1111 ¹⁶·
822 1093 863 1119 “
901 1091 1076 1147 aliter
1128 1089 1459 1163 agentibus,
1521 1096 1583 1148 et
1633 1090 1697 1147 in
1749 1109 1860 1148 sua
1910 1090 2235 1163 pertinacia
2281 1090 2752 1158 consistentibus,
2792 1063 3034 1164 postm

484 1134 561 1180 He
575 1147 697 1179 com·

483 1187 649 1230 manda
665 1177 838 1230 them‘
846 1175 1139 1247 ‘flagella
1196 1175 1511 1247 praesentia
1582 1192 1901 1247 poenasque
1972 1174 2309 1247 condignae,
2362 1181 2660 1248 perpetuae
2710 1176 2921 1232 mortis

481 1238 722 1331 ffigoessw
822 1262 861 1288 “
903 1260 1178 1316 interitus
1215 1264 1277 1315 et
1321 1258 1617 1331 supplicia
1655 1258 1981 1316 debeantur
2015 1264 2250 1316 aeterna.
2324 1258 2605 1319 Volentes
2641 1277 2786 1331 ergo
2820 1278 2920 1332 pa·

480 1337 606 1382 their
617 1338 862 1393 mlum-‘⁸
900 1349 1070 1399 terna
1105 1342 1509 1400 sollicitudine
1530 1360 1604 1398 ve
1619 1346 1757 1399 strae
1791 1342 1972 1401 saluti
1995 1344 2352 1416 prospicere,
2379 1349 2441 1400 et
2465 1344 2824 1401 utilitatibus
2861 1351 2921 1401 et
3028 1389 3033 1395 .

821 1429 860 1457 “
885 1427 1088 1500 quieti
1140 1431 1357 1484 vestrae
1408 1426 1740 1499 providere,
1786 1427 2163 1483 universitati
2207 1434 2423 1485 vestrae
2457 1445 2564 1501 per
2599 1428 2919 1501 apostolica

819 1514 859 1540 “
898 1512 1121 1583 scripta
1152 1511 1500 1569 mandamus
1538 1517 1715 1583 atque
1750 1511 2152 1584 praecipimus,
2200 1516 2261 1567 et
2310 1512 2376 1567 in
2428 1511 2773 1569 obedientias
2798 1513 2919 1570 vir-

819 1598 858 1623 “
897 1600 1025 1653 tute
1060 1595 1447 1667 injungimus,
1489 1600 1775 1667 quatenus
1813 1596 1969 1651 infra
2004 1594 2341 1666 quindecim
2375 1594 2503 1651 dies
2536 1602 2672 1668 post
2705 1596 2917 1654 harum

819 1683 857 1709 “
898 1680 1351 1752 susceptionem,
1388 1680 1789 1737 venerabilem
1824 1680 2069 1735 fratrem
2115 1684 2385 1737 nostrum
2410 1679 2450 1736 J
2451 1680 2758 1747 ohannem,
2798 1681 2920 1753 epi-

817 1768 855 1793 “
894 1783 1105 1836 copum
1138 1769 1422 1830 vestrum,
1476 1764 1540 1819 in
1591 1763 1913 1836 pontificali
1943 1764 2130 1819 officio
2183 1764 2458 1820 canonice
2509 1764 2913 1837 subrogatum,

817 1852 856 1877 “
895 1850 1051 1906 sicut
1083 1853 1314 1920 patrem
1349 1848 1716 1921 praecipuum
1765 1854 1828 1904 et
1872 1853 2171 1921 pastorem
2224 1848 2562 1921 suscipiatis
2611 1849 2921 1906 humiliter

817 1936 856 1962 ‘⁶
894 1952 964 1991 ac
986 1933 1232 1991 devote:
1274 1937 1335 1988 et
1358 1932 1487 2005 ejus
1524 1932 1599 1989 de
1635 1937 1848 1988 caetero
1885 1931 2220 1988 salubribus
2243 1933 2484 1990 monitis
2507 1938 2570 1989 et
2601 1934 2911 2001 mandatis,

527 2020 589 2065 ro.
603 2024 682 2067 188
696 2031 758 2068 ι-ο.
817 2021 855 2047 “
895 2017 1055 2075 0111111
1092 2017 1392 2073 simultate
1426 2023 1673 2082 remota,
1701 2015 1965 2075 debitam
2001 2017 2395 2074 reverentiam
2427 2016 2771 2089 impendere
2805 2019 2915 2073 mi-

816 2105 854 2130 “
892 2102 1051 2158 nime
1075 2100 1454 2173 postponatis.
1520 2098 1787 2156 Scientes
1814 2105 2016 2159 autem
2040 2099 2199 2172 quod
2224 2097 2330 2172 [si]
2369 2106 2683 2173 postquam
2708 2102 2910 2175 Hugo,

815 2188 855 2215 ‘⁴
895 2186 998 2258 qui
1020 2191 1221 2243 vester
1244 2185 1388 2241 olim
1411 2184 1719 2257 episcopus
1757 2184 2079 2251 dicebatur,
2117 2202 2225 2257 per
2259 2185 2582 2241 Romanam
2606 2186 2915 2243 ecclesiam

817 2273 854 2298 ‘⁶
894 2288 930 2326 a
978 2270 1166 2327 vestri
1218 2269 1589 2341 episcopatus
1639 2268 1930 2340 dignitate
1980 2269 2097 2326 fuit
2149 2274 2397 2335 amotus,
2452 2269 2554 2324 vel
2601 2276 2736 2342 post
2783 2271 2912 2342 ejus

817 2356 856 2383 “
898 2353 1224 2421 decessum,
1256 2353 1383 2425 jam
1419 2352 1577 2409 dicto
1602 2351 1644 2408 J
1645 2353 1872 2409 ohanne
1897 2353 2174 2426 episcopo
2195 2358 2395 2410 vestro
2431 2355 2769 2425 superstite,
2808 2355 2914 2412 ali·

817 2440 857 2467 “
895 2455 1072 2511 quem
1123 2439 1376 2495 fortasse
1424 2437 1766 2511 episcopum
1803 2438 2090 2509 elegistis,
2135 2437 2480 2494 electionem
2512 2438 2677 2494 illam
2715 2445 2914 2496 aucto-

817 2525 856 2552 “
891 2523 1068 2579 ritate
1104 2522 1427 2594 apostolica
1459 2540 1802 2579 vacuamus.
1868 2521 1937 2579 Si
1957 2540 2118 2587 ver0,
2150 2521 2308 2592 quod
2329 2526 2558 2578 avertat
2582 2520 2822 2594 [Deus],
2848 2524 2912 2581 in

816 2609 855 2635 “
894 2607 1143 2663 eundem
1180 2607 1523 2680 episcopum
1560 2606 1600 2662 J
1601 2607 1909 2673 ohannem,
1946 2607 2188 2663 inimico
2233 2607 2476 2662 humani
2511 2608 2747 2677 generis
2782 2626 2915 2665 sua-

817 2693 856 2720 “
894 2690 1089 2758 dente,
1146 2692 1410 2763 aliquam
1463 2691 1958 2763 conspirationem
2017 2691 2212 2747 facere
2247 2691 2731 2763 praesumpsistis,
2791 2698 2914 2748 tam

817 2778 856 2803 ‘⁴
895 2794 1000 2833 vos
1056 2793 1233 2847 quam
1285 2781 1476 2832 totum
1528 2775 1934 2847 episcopatum
1997 2773 2227 2833 tamdiu
2283 2775 2556 2832 volumus
2615 2776 2913 2833 interdicti

817 2862 856 2889 “
897 2860 1201 2916 sententiaa
1252 2860 1576 2930 subjacere,
1630 2858 1816 2914 donec
1866 2864 2247 2931 agnoscentes
2299 2876 2604 2916 excessum
2645 2860 2721 2919 ad
2754 2877 2915 2917 man-

818 2947 856 2972 “
897 2945 1100 3000 datum
1134 2944 1323 3016 ipsius
1361 2943 1401 2999 J
1403 2943 1646 3000 ohannis
1683 2944 1944 3016 episcopi
1978 2944 2255 3002 redeatis.
2329 2944 2603 3002 Valete.''
2624 2944 2642 2978 ¹

548 3045 656 3089 nec
674 3049 739 3089 21.
906 3028 1159 3094 Eodem
1247 3049 1442 3108 anno,
1548 3027 1801 3097 scilicet
1888 3028 1976 3094 ab
2070 3028 2539 3096 Incarnatione
2641 3030 2913 3096 Domini
2936 3044 3173 3099 Hoveden.

479 3107 633 3202 33¹⁵?
645 3108 791 3203 ⁰Jf¹⁵¹¹⁰
814 3144 1406 3210 M⁰c0Lxxx0vl110.,
1463 3129 1647 3196 festo
1710 3129 1939 3195 Sancti
2015 3129 2286 3198 Thomae
2358 3131 2680 3250 Apostoli,
2755 3138 2911 3199 ante
2934 3099 3030 3144 ⁸⁷¹*
3045 3113 3089 3145 ⁸
3107 3104 3148 3147 ⁷⁶

478 3208 589 3253 ΨΜ
772 3228 1271 3298 ‘Nativitatem
1315 3231 1611 3309 Domini,
1656 3231 1984 3298 Ricardus
2029 3231 2510 3300 Wintoniensis
2572 3235 2911 3324 episcopus

818 3334 1002 3402 obiit.

477 3455 660 3501 rheem
717 3469 795 3504 ror
906 3434 932 3474 ²
949 3435 1202 3502 Eodem
1245 3457 1422 3503 anno
1468 3436 1856 3504 Fredericus
1917 3438 2366 3505 Romanorum
2423 3440 2800 3529 imperator,
2843 3447 2912 3509 et

479 3508 618 3603 ἔίἕιῗ
690 3522 716 3554 ⁰
816 3540 996 3607 filius
1064 3539 1206 3626 ejus
1251 3539 1392 3605 dux
1435 3539 1715 3607 Alsatiae
1774 3544 1844 3606 et
1904 3541 2185 3624 Sueviae,
2231 3547 2301 3608 et
2344 3543 2543 3608 multi
2601 3542 2799 3611 duces
2843 3550 2911 3612 et

815 3641 1284 3730 archiepiscopi
1346 3646 1417 3708 et
1478 3642 1785 3729 episcopi,
1849 3646 1918 3709 et
1980 3643 2270 3726 comites,
2338 3651 2408 3712 et
2469 3645 2766 3726 baroneS,
2829 3649 2911 3715 de

816 3745 1010 3812 terris
1055 3766 1298 3823 eorum,
1343 3766 1599 3810 crucem
1644 3748 2052 3833 acceperunt.

1311 3974 1664 4043 Henricus
1705 3999 1826 4045 ‘rex
1869 3999 2130 4045 cmwem
2178 3979 2445 4071 accepit.

543 4141 651 4187 san.
667 4145 733 4187 21.
904 4113 931 4154 ³
948 4114 1269 4182 Similiter
1330 4112 1678 4201 Philippus
1739 4136 1858 4181 rex
1923 4114 2223 4183 Franciae
2266 4121 2337 4183 et
2399 4116 2731 4186 Henricus
2792 4143 2911 4187 rex

484 4204 775 4309 fiffl-§fflo
814 4219 1097 4308 Angliae,
1127 4218 1235 4284 die
1281 4216 1545 4283 Sanctae
1589 4217 1873 4305 Agnetis
1917 4225 2312 4305 acceperunt
2354 4241 2626 4301 crucem,
2670 4224 2743 4289 in
2785 4223 2912 4291 001-

480 4305 563 4350 the
578 4318 716 4353 crosa.

885 4466 901 4498 ¹
935 4469 968 4495 “
990 4465 1181 4515 Datum
1215 4460 1366 4523 Pisae,
1395 4460 1548 4512 xviia
1585 4460 1825 4512 kalenda-
1913 4463 2119 4529 already
2140 4465 2400 4517 described
2436 4474 2489 4518 st
2520 4466 2713 4535 length,
2747 4484 2912 4521 corre—

816 4550 849 4575 “
881 4561 996 4596 rum
1017 4543 1297 4603 Februarii,
1331 4540 1608 4592 indictione
1630 4542 1824 4591 sexta.”
1915 4542 2175 4609 sponding
2207 4543 2333 4594 with
2356 4546 2442 4597 the
2464 4546 2662 4598 similar
2698 4548 2914 4616 epitome

816 4624 954 4675 Add.
977 4625 1178 4675 Hoved.
1913 4628 1967 4672 at
1987 4622 2074 4673 the
2095 4625 2194 4674 end
2216 4624 2280 4673 of
2292 4625 2377 4676 the
2398 4641 2521 4692 year
2545 4632 2689 4680 1186.

881 4702 904 4737 ¹
937 4704 1076 4754 Here
1118 4702 1314 4752 follows
1351 4717 1383 4752 a
1417 4699 1616 4752 resume
1648 4700 1705 4750 of
1739 4700 1825 4752 the
1976 4700 2000 4734 ⁸
2034 4701 2131 4756 See
2150 4704 2325 4766 above,
2348 4721 2395 4769 p.
2421 4711 2500 4757 30.

819 4789 996 4836 events
1017 4782 1080 4834 of
1093 4782 1180 4833 the
1200 4795 1339 4847 year,
1354 4779 1525 4832 which
1545 4779 1677 4832 have
1696 4781 1824 4832 been
