3585 5863
177 3671 435 3723 innuba

178 3726 433 3769 mmm.

1435 874 1735 924 mentm.
2508 865 2628 924 241

536 1052 869 1119 inimicare
958 1052 1062 1117 vel
1139 1051 1546 1138 suspendere,
1624 1053 1747 1127 nisi
1825 1053 1906 1117 de
1980 1052 2243 1139 speciali
2321 1051 2633 1117 mandato
2656 1059 2935 1175 Tagi-301¹?-

533 1156 775 1219 summi
818 1154 1147 1240 pontificis
1176 1179 1191 1233 ;
1234 1159 1381 1220 tum
1412 1155 1573 1240 quia
1616 1155 1796 1220 idem
1841 1154 2181 1242 episcopus
2227 1152 2429 1218 semel
2475 1153 2630 1218 fecit
2655 1183 2942 1225 pronounees

532 1258 910 1322 canonicam
958 1256 1401 1321 obedientiam
1461 1256 1749 1323 ecclesiae
1807 1257 2209 1322 Eboracensi
2256 1259 2324 1320 et
2372 1255 2629 1342 Rogero
2655 1223 2906 1319 {¹32²chss

533 1357 934 1423 Eboracensi
963 1358 1438 1445 archiepiscopo
1485 1364 1554 1423 et
1599 1359 1741 1444 ejus
1771 1359 2264 1425 successoribus..
2346 1357 2629 1422 Dicebat
2654 1374 2760 1467 133&
2760 1325 2846 1427 53}
2858 1327 2947 1419 ἔσω

530 1461 707 1525 enim
754 1460 1149 1549 Coelestinus
1200 1482 1388 1550 papa,
1450 1482 1712 1527 sumens
1770 1465 2237 1549 argumentum
2282 1482 2324 1525 a
2366 1460 2630 1546 majori·
2688 1438 2954 1521 matii?

529 1563 671 1640 bus»
720 1562 895 1648 quod
938 1584 1139 1649 grave
1185 1567 1355 1628 esset
1398 1583 1567 1628 onus
1608 1568 1682 1629 et
1725 1563 2149 1650 importabile
2195 1562 2251 1626 si
2300 1561 2628 1648 oportuis-
2654 1537 2865 1620 meirffi'

529 1670 631 1730 set
691 1664 1205 1752 archiepiscopos
1250 1668 1320 1729 et
1379 1666 1712 1751 episcopos
1757 1671 1827 1730 et
1870 1669 2140 1731 caeteros
2204 1663 2625 1730 ecclesiarum
2654 1626 2843 1679 ponam.

528 1772 810 1832 rectores
853 1786 1108 1854 semper
1150 1767 1461 1832 reiterare
1524 1767 1993 1853 professionem
2056 1789 2259 1845 suam,
2332 1765 2628 1851 quando-

527 1891 784 1956 cunque
813 1890 1025 1936 novus
1069 1891 1241 1957 papa
1284 1869 1758 1936 institueretur.
1853 1869 2184 1936 Praeterea
2228 1868 2407 1933 idem
2453 1890 2625 1955 papa

530 1971 931 2038 Coelestinus
994 1971 1236 2057 adjecit
1301 1971 1374 2036 in
1437 1972 1768 2038 mandatis
1843 1971 1980 2037 suis
2055 1972 2232 2058 quod
2308 1971 2627 2058 praefatus

528 2073 958 2141 Eboracensis
1000 2074 1520 2161 archiepiscopus
1564 2074 1674 2140 vel
1719 2073 2165 2161 suspensionis
2210 2074 2320 2139 vel
2366 2096 2624 2140 excom-

525 2176 989 2244 mumaetionis
1052 2176 1454 2242 sententiam
1514 2175 1891 2264 proferendi
1936 2177 2010 2241 in
2054 2176 2410 2262 praefatum
2489 2175 2631 2239 Du-

527 2278 923 2344 nelmensem
954 2278 1327 2366 episcopum
1372 2278 1624 2345 nullam
1668 2277 1752 2343 de
1797 2283 2035 2345 oaetero
2066 2279 2309 2355 habeat
2339 2281 2628 2364 potesta-

531 2384 683 2446 tem.
774 2380 939 2447 Haec
1005 2384 1229 2445 tamen
1295 2379 1585 2445 sufficere
1644 2401 1780 2445 non
1834 2385 2145 2467 poterant
2190 2379 2628 2445 Dunelmensi

541 2483 856 2570 episcop0,
901 2482 1018 2549 sed
1060 2482 1311 2549 remisit
1372 2482 1644 2548 nuncios
1689 2502 1843 2547 suos
1886 2482 1972 2547 ad
2016 2504 2344 2548 summum
2405 2482 2630 2568 ponti-

529 2585 718 2650 ficem
762 2585 1102 2672 postulans
1144 2587 1226 2649 ut
1270 2584 1407 2670 ipse
1438 2606 1521 2650 ex
1565 2589 1711 2649 toto
1756 2583 2100 2650 absolutus
2130 2590 2303 2650 esset
2350 2606 2392 2649 a
2426 2584 2628 2668 juris-

529 2687 817 2753 dictione
886 2685 1310 2753 Eboracensis
1372 2686 1860 2773 archiepiscopi,
1940 2685 2256 2772 quamdiu
2329 2686 2461 2751 duo
2530 2686 2630 2751 illi

530 2790 872 2855 vixissent.
1564 2831 1573 2842 ·

621 2891 903 2958 Interim
948 2891 1164 2958 clerici
1206 2913 1371 2980 quos
1413 2891 1755 2987 ‘Walterus
1806 2891 2359 2980 Rothomagensis
2422 2890 2628 2956 archi·
2653 2917 2750 2962 'mm
2765 2919 2929 2970 agenta

530 2995 874 3082 episcopus
933 2994 1214 3061 Romam
1277 2995 1549 3061 miserat
1612 3001 1761 3082 post
1829 2995 2263 3080 dejectionem
2310 2994 2630 3060 Willelmi
2652 2970 2945 3073 giafflpagfh‘

532 3096 815 3161 Eliensis
858 3097 1161 3184 episcopi,
1208 3119 1357 3162 cum
1417 3097 1667 3164 litteris
1712 3099 1847 3163 suis
1894 3104 1963 3164 et
2007 3120 2158 3163 cum
2203 3097 2450 3164 litteris
2496 3099 2629 3185 epi·
2655 3071 2950 3174 fflifflssssr‘}

529 3221 869 3285 scoporum
932 3198 1197 3286 Angliae
1263 3200 1479 3265 missis
1543 3205 1775 3266 contra
1841 3201 2231 3287 praedictum
2301 3200 2630 3266 Eliensem
2655 3174 2771 3216 from
2792 3173 2950 3218 Roma

532 3302 922 3389 episcopum,
967 3301 1042 3366 in
1085 3301 1208 3367 hac
1247 3301 1462 3369 forma
1490 3303 1893 3389 scripserunt
1932 3303 2194 3370 domino
2234 3324 2352 3368 suo
2383 3303 2634 3369 Rotho-

534 3404 827 3490 magensi
872 3403 1375 3491 archiepiscopo,

786 3571 825 3596 ‘⁶
862 3568 1131 3641 Epistola
1166 3569 1502 3625 clericorum
1535 3570 1903 3643 Rotomaqem
1964 3570 2396 3644 archiepiscopo.
2696 3576 2942 3629 February.

613 3666 652 3691 “
688 3663 951 3719 Waltero
975 3662 1089 3718 Dei
1121 3664 1316 3735 gratia
1339 3663 1800 3736 Rothomagensi
1835 3663 2289 3734 archiepiscopo,
2328 3665 2634 3720 carissimo
2658 3669 2754 3712 'Phe
2793 3668 2973 3713 arrived

540 3749 580 3774 “
620 3746 851 3803 domino
898 3753 960 3803 et
1004 3748 1179 3819 patri,
1220 3747 1424 3803 clerici
1478 3748 1590 3814 sui,
1632 3749 1903 3804 salutem.
1995 3747 2336 3804 Omittimus
2372 3749 2636 3820 pericula
2657 3723 2767 3814 feb.
2783 3732 2870 3813 {¹2⁰

541 3835 580 3859 ‘⁴
620 3838 681 3886 et
726 3831 957 3887 labores
1014 3850 1160 3903 quos
1210 3832 1274 3886 in
1322 3833 1423 3888 via
1475 3832 1689 3904 saepius
1743 3850 1852 3888 nos
1907 3831 2167 3904 oportuit
2215 3833 2523 3900 sustinere,
2576 3840 2638 3889 et

541 3919 580 3943 ‘⁴
621 3915 778 3987 quod
828 3916 1166 3988 frequenter
1218 3916 1451 3972 insidiis
1513 3917 1841 3982 declinatis,
1905 3916 2141 3972 tandem
2201 3916 2514 3973 incidimus
2575 3917 2638 3972 in
2703 3933 2762 3976 ro.
2778 3935 2857 3977 185
2871 3940 2931 3976 ro.

541 4002 580 4028 ‘⁸
619 3998 896 4064 latrones,
939 4000 1227 4071 bonisque
1276 4000 1547 4056 omnibus
1597 4008 1815 4072 praeter
1865 3999 2151 4072 quosdam
2200 4018 2381 4072 equos
2434 4006 2495 4056 et
2542 4001 2639 4057 lit-

542 4086 582 4111 “
622 4088 802 4148 teras,
843 4084 1098 4155 spoliati,
1156 4084 1283 4140 sine
1338 4085 1499 4140 omni
1538 4085 1756 4140 viatico
1790 4085 2061 4140 venimus
2098 4085 2162 4139 in
2195 4085 2403 4140 urbem
2441 4103 2636 4156 sump-

542 4171 582 4196 “
622 4174 851 4224 tuosam
905 4169 1081 4225 tertio
1135 4167 1270 4224 idus
1323 4169 1653 4235 Februarii,
1708 4169 1864 4240 apud
1915 4169 2071 4224 beati
2119 4169 2285 4224 Petri
2332 4169 2639 4225 ecclesiam

542 4255 583 4281 ‘⁸
623 4253 790 4307 curia
824 4248 1239 4309 commorante.
1312 4253 1409 4308 Ibi
1458 4254 1789 4310 invenimus
1847 4253 2181 4310 cancellarii
2232 4254 2474 4309 clericos
2518 4254 2641 4325 jac-

542 4341 581 4365 “
620 4343 813 4393 tantes
863 4337 1138 4408 plurima,
1194 4343 1255 4393 et
1306 4338 1512 4404 multa,
1567 4344 1636 4393 ut
1682 4336 2017 4404 videbatur,
2066 4339 2461 4409 prosperitate
2497 4355 2641 4410 gau-

544 4426 582 4449 “
623 4421 845 4478 dentes.
892 4422 1078 4477 ·Nam
1115 4422 1302 4493 plenae
1338 4421 1653 4495 legationis
1700 4422 1890 4478 officio
1938 4422 2269 4493 impetratO,
2316 4422 2443 4493 jam
2487 4441 2641 4495 saepe
2667 4427 2765 4471 'Phe
2781 4439 2898 4480 pope

544 4508 583 4533 “
623 4505 894 4561 dominus
931 4524 1085 4578 papa
1121 4511 1181 4562 et
1216 4506 1604 4561 cardinalium
1641 4505 1881 4577 quidam
1916 4505 2144 4562 Eliensi
2186 4506 2459 4578 episcopo
2507 4524 2641 4561 cum
2665 4478 2881 4571 ffidoegrg

544 4593 583 4616 ‘⁴
624 4590 1053 4661 subscriptione
1089 4591 1275 4662 legati
1315 4609 1450 4646 suas
1489 4590 1767 4663 epistolas
1805 4590 2172 4661 dirigebant;
2224 4596 2285 4646 et
2324 4590 2449 4661 jam
2485 4590 2642 4663 prin-
2667 4591 2819 4673 {3521}ss
2835 4579 2918 4672 ¹²3⁰

544 4677 583 4701 ⁶⁶
624 4674 911 4745 cipalibus
960 4675 1275 4746 legationis
1330 4675 1572 4731 hunnus
1622 4676 1841 4732 uaeris
1898 4674 2036 4731 inde
2085 4675 2343 4731 nondum
2389 4676 2640 4742 traditis,
2669 4641 2931 4733 mrsiesa-

544 4759 584 4784 “
625 4774 754 4813 sese
777 4759 1042 4814 recessui
1079 4758 1410 4814 imminenti
1434 4759 1634 4815 nuncii
1656 4758 2114 4831 praecingebant.
2189 4759 2426 4815 Etenim
2461 4760 2645 4816 domi·
2669 4731 2786 4776 ‘¹⁰¹¹’

543 4843 583 4869 “
621 4859 765 4898 num
798 4859 1014 4913 papam
1051 4860 1121 4897 ex
1155 4847 1278 4899 toto
1313 4861 1562 4916 pronum
1599 4842 1932 4901 invenimus
1967 4849 2039 4900 ut
2071 4849 2272 4915 partes
2309 4844 2643 4902 cancellarii

723 4942 998 4993 voL.1L
2334 4947 2380 5004 Q
