3585 5863
899 876 1030 945 222
1716 890 1929 945 essu
1973 888 2177 944 sams

592 1077 705 1123 ΑΛ).
720 1080 837 1125 ιιοι.
901 1072 941 1099 “
978 1070 1268 1128 modicam
1316 1074 1641 1129 noscuntur
1700 1070 1860 1128 sedis
1913 1070 2249 1144 apostolicoe
2306 1067 2723 1127 contumeliam
2779 1064 2994 1123 redun-
3017 1067 3268 1119 novem,

636 1130 743 1177 ¹³⁰⁰·
759 1133 799 1176 Β·
900 1159 940 1185 “
979 1156 1156 1223 dare,
1209 1155 1400 1213 eidem
1449 1156 1895 1229 praesumptioni
1943 1162 2104 1212 tanto
2151 1155 2445 1211 maturius
2481 1154 2756 1210 duximus
2792 1166 2997 1209 occur-

901 1244 940 1269 “
976 1242 1244 1307 rendum,
1287 1248 1502 1314 quanto
1538 1259 1609 1297 ex
1644 1259 1812 1296 mora
1845 1240 1976 1312 ipsa
2005 1240 2132 1311 jam
2165 1240 2324 1296 dieto
2358 1240 2491 1311 regi
2528 1245 2590 1295 et
2626 1238 2667 1293 J
2668 1235 2994 1295 erosohmi

901 1329 939 1357 “
978 1332 1129 1384 tanae
1168 1327 1365 1382 Terrae
1427 1328 1668 1398 gravius
1728 1326 2167 1391 detrimentum,
2207 1343 2276 1381 ac
2325 1324 2493 1380 nobis
2544 1341 2681 1379 cum
2731 1323 2996 1379 ecclesiae

898 1412 940 1439 “
979 1410 1256 1467 Romanae
1305 1411 1493 1482 major
1545 1411 1682 1466 inde
1735 1415 1936 1482 posset
1981 1409 2306 1481 ignominia
2339 1408 2667 1482 provenire.
2739 1406 2996 1463 Proinde

560 1519 635 1564 He
652 1529 772 1564 eom.
900 1498 939 1523 “
977 1494 1353 1552 universitati
1389 1500 1602 1552 vestrae
1648 1513 1756 1568 per
1790 1495 2113 1567 apostolica
2160 1494 2380 1566 scripta
2431 1494 2794 1559 mandamus,
2836 1497 2897 1549 et
2931 1493 2999 1547 in

603 1610 661 1653 so
678 1611 755 1655 179
771 1608 829 1653 ,a
900 1582 938 1608 “
975 1581 1195 1637 virtute
1242 1580 1587 1636 obedientiae
1622 1579 2016 1651 praecipimus,
2057 1584 2347 1650 quatenus
2384 1579 2455 1644 si,
2493 1583 2671 1651 prout
2703 1577 2871 1635 nobis
2909 1578 3000 1633 in-

558 1672 724 1716 munda
740 1673 823 1716 tho
901 1667 940 1692 “
979 1664 1191 1731 sonuit,
1217 1673 1577 1721 memoratus
1613 1681 1809 1720 comes
1831 1663 1930 1719 vel
1965 1663 2117 1719 alius
2153 1664 2217 1719 in
2244 1663 2373 1735 jam
2408 1663 2635 1720 dictum
2658 1664 3000 1735 episcopum

558 1723 865 1818 ξῇξξέζοῃι.
902 1751 940 1777 “
978 1768 1187 1805 manus
1221 1751 1509 1805 violentas
1545 1749 1808 1820 injicere,
1847 1748 1944 1803 vel
1981 1765 2118 1803 eum
2166 1766 2394 1820 capere,
2450 1748 2548 1804 vel
2595 1748 3001 1821 juramentum

557 1825 786 1919 5⁸3?quss
802 1876 845 1920 ss,
902 1835 940 1861 “
981 1834 1283 1905 quodlibet
1316 1834 1390 1889 ab
1426 1851 1496 1888 eo
1532 1850 1639 1906 per
1660 1833 2007 1890 violentiam
2043 1836 2410 1903 extorquere,
2451 1851 2558 1889 seu
2593 1850 2730 1888 eum
2763 1833 2827 1890 in
2861 1850 3000 1904 cap·

557 1927 642 1970 the
658 1928 840 1981 atomis
901 1921 941 1945 ‘⁸
978 1918 1136 1975 tione
1174 1925 1392 1983 tenere,
1434 1935 1539 1975 seu
1576 1923 1794 1974 statum
1829 1919 2002 1989 regni
2039 1936 2075 1973 a
2110 1918 2425 1974 serenitate
2460 1917 2632 1990 regia
2663 1919 2726 1973 in
2759 1934 3002 1974 recessu

560 1982 688 2030 “²¹⁰³
901 2006 941 2031 ‘⁶
980 2021 1088 2060 suo
1123 2004 1475 2077 dispositum
1511 2003 1879 2075 aliquatenus
1915 2003 2247 2067 immutare,
2281 2003 2378 2058 vel
2415 2003 2875 2075 praesumpserit,
2901 2003 3002 2059 vel

903 2091 940 2116 “
977 2090 1389 2162 praesmpsit3
1428 2088 1588 2146 omni
1623 2087 1902 2144 dilatione
1937 2088 2036 2145 vel
2072 2087 2372 2144 simultate
2406 2089 2754 2161 postposita,
2794 2105 3004 2145 conve·

901 2178 939 2202 “
977 2174 1204 2231 nientes
1238 2175 1304 2230 in
1337 2191 1541 2240 unum,
1594 2173 1948 2246 praedictum
1998 2173 2276 2229 comitem
2325 2178 2388 2229 et
2436 2191 2637 2229 omnes
2688 2173 3003 2229 antedictae

897 2262 935 2288 “
972 2259 1452 2332 praesumptionis
1490 2257 1879 2320 consiliariOS,
1919 2263 2211 2323 auctores,
2263 2258 2580 2330 complices
2618 2263 2679 2314 et
2714 2257 3000 2323 fautores,

900 2346 939 2373 ‘⁸
976 2344 1238 2402 accensis
1275 2342 1535 2400 candelis
1574 2348 1635 2399 et
1668 2341 1917 2413 pulsatis
1955 2342 2272 2413 campanis,
2313 2341 2472 2397 omni
2508 2341 2900 2414 appellatione
2937 2348 3001 2398 et

901 2433 937 2458 “
979 2429 1371 2495 excusatione,
1411 2444 1519 2483 nec
1553 2444 1671 2482 non
1707 2432 1768 2481 et
1802 2442 2188 2498 personarum
2239 2425 2576 2498 acceptione
2629 2426 2996 2499 postpositis,

901 2516 940 2542 “
977 2515 1211 2587 publice
1270 2513 1561 2569 nuncietis
1614 2510 1854 2567 vinculo
1905 2510 2523 2566 excommunicationis
2578 2511 2888 2576 astrictos3
2941 2518 3005 2567 et

901 2601 940 2628 “
977 2599 1207 2657 tamdiu
1259 2597 1488 2654 faciatis
1544 2596 1698 2652 sicut
1755 2595 2283 2651 excommunicatos
2338 2595 2411 2651 ab
2462 2594 2732 2651 omnibus
2778 2597 3004 2653 arctius

557 2710 824 2764 „mltum
903 2687 941 2712 “
981 2684 1229 2751 evitari;
1283 2700 1393 2738 nee
1442 2699 1558 2737 non
1594 2685 1655 2736 et
1690 2679 1751 2735 in
1786 2679 1964 2735 terris
2002 2697 2224 2744 eorum,
2264 2684 2325 2735 et
2358 2679 2422 2735 in
2456 2679 2591 2735 aliis
2642 2697 2787 2750 quas
2838 2680 3005 2737 inva-

558 2776 619 2807 δ’]
637 2763 858 2806 ¹⁰¹⁵⁰¹ffi⁰⁶
903 2772 941 2797 “
980 2769 1182 2832 serint,
1210 2772 1425 2839 praeter
1460 2764 1835 2837 poenitentias
1872 2769 1933 2820 et
1966 2765 2348 2836 parvulorum
2381 2763 2753 2836 baptismata,
2784 2765 3007 2821 Divina

559 2813 833 2908 ffnffieuissffl
903 2854 942 2881 “
977 2851 1234 2925 penitus,
1290 2852 1416 2907 sine
1472 2848 1880 2921 appellationis
1944 2848 2246 2904 obstaculo
2298 2847 2657 2920 prohibeatis
2713 2850 3004 2906 celebrari

559 2915 861 3010 ffissfflffiffe
903 2942 941 2966 “
981 2936 1200 3002 officia3
1239 2936 1421 2990 donec
1451 2935 1579 3006 jam
1603 2934 1760 2990 dicto
1788 2934 2008 3005 legate,
2036 2938 2159 2989 tam
2196 2952 2232 2988 a
2266 2933 2536 3006 captione
2561 2952 2738 3006 quam
2774 2953 2811 2990 a
2837 2935 3007 3007 jura-

557 3017 723 3070 legate.
904 3025 942 3050 “
980 3026 1179 3077 mento
1213 3019 1492 3092 primitus
1530 3018 1818 3082 absolute,
1860 3023 1921 3074 et
1953 3035 2137 3089 regno
2184 3018 2315 3089 ipso
2350 3019 2412 3073 in
2450 3024 2670 3074 statum
2706 3037 2743 3075 a
2775 3038 3006 3091 praeno-

903 3108 943 3133 “
978 3106 1202 3160 minato
1236 3121 1381 3175 rege
1417 3103 1481 3158 in
1515 3120 1756 3159 recessu
1790 3120 1898 3158 suo
1934 3101 2289 3174 dispositum
2334 3102 2673 3169 reformato,
2713 3121 2847 3159 cum
2882 3110 3006 3160 tes-

901 3193 939 3217 “
978 3189 1221 3244 timonio
1270 3188 1603 3242 litterarum
1654 3185 1845 3257 ipsius
1898 3186 2083 3257 legati
2129 3192 2191 3242 et
2236 3192 2569 3242 vestrarum
2627 3188 2867 3259 pariter,
2923 3190 3006 3245 ad

901 3276 941 3301 “
980 3272 1179 3329 sedem
1232 3270 1473 3326 veniant
1531 3269 1911 3342 apostolicam
1963 3268 2304 3325 absolvendi
2331 3292 2347 3324 =
2412 3269 2619 3326 scituri
2668 3289 2777 3343 pro
2837 3279 3006 3328 certo

796 3346 805 3358 ’
902 3361 939 3388 “
981 3355 1137 3430 quod
1190 3354 1242 3411 si
1291 3355 1356 3410 in
1406 3353 1587 3426 hujus
1638 3353 1826 3410 nostri
1875 3354 2247 3410 exsecutione
2297 3354 2579 3425 praecepti
2625 3354 3004 3428 negligentes

901 3444 941 3469 “
979 3440 1213 3497 fueritis
1249 3444 1353 3496 aut
1386 3437 1641 3505 remissi,
1679 3456 1798 3494 non
1831 3437 2120 3494 minorem
2142 3439 2207 3493 in
2235 3455 2360 3504 vos,
2387 3443 2702 3510 praestante
2727 3439 3000 3507 Domino,

901 3528 939 3553 “
980 3524 1255 3581 duximus
1291 3521 1593 3587 ultionem,
1636 3540 1814 3593 quam
1839 3522 1892 3578 si
1916 3521 2200 3595 praedicta
2232 3522 2452 3594 injuria
2484 3539 2748 3596 personae
2782 3528 3004 3580 nostrae

901 3612 940 3637 “
978 3609 1076 3665 vel
1127 3609 1233 3664 uni
1287 3605 1360 3662 de
1414 3606 1698 3663 fratribus
1752 3606 1972 3663 nostris
2021 3612 2180 3664 esset
2217 3606 2499 3679 irrogata.
2571 3607 2792 3663 Datum
2825 3607 3004 3664 Late-

900 3698 939 3723 “
978 3694 1126 3760 rani,
1212 3696 1421 3765 quarto
1492 3709 1674 3748 nonas
1734 3690 2102 3757 Decembris,
2165 3690 2538 3765 pontificatus
2599 3692 2787 3750 nostri
2846 3710 3003 3750 anno

900 3781 939 3807 ‘⁸
977 3773 1228 3850 primo.”

987 3874 1411 3942 Auctoritate
1455 3874 1665 3963 igitur
1707 3872 2090 3940 litterarum
2148 3873 2432 3939 istarum
2491 3875 2734 3943 summi
2779 3877 3002 3963 ponti·
3027 3889 3277 3989 m

898 3980 1057 4058 ficis,
1122 3979 1477 4068 praedictus
1545 3976 1921 4044 Willelmus
1988 3975 2276 4042 Eliensis
2338 3975 2697 4065 episeopus,
2745 3979 3002 4046 domim

897 4084 1075 4171 regis
1138 4080 1562 4148 cancellarius
1630 4084 1700 4146 et
1760 4078 2141 4166 apostolicae
2200 4079 2374 4145 sedis
2417 4080 2695 4168 legatus,
2747 4082 2820 4147 in
2878 4082 3003 4151 hac

895 4187 1109 4253 forma
1151 4184 1413 4271 scripsit
1459 4183 1738 4271 Hugoni
1784 4182 2233 4249 Lincolniensi
2269 4183 2624 4300 episeopo:

559 4310 657 4355 'rho
673 4309 812 4354 chau·
996 4287 1405 4353 ‘willelmus,
1462 4283 1576 4341 Dei
1627 4286 1825 4358 gratia
1879 4284 2137 4342 Eliensis
2191 4285 2499 4358 episeopus
2552 4291 2614 4344 et
2665 4289 3002 4361 apostolicae
3029 4299 3280 4351 novenum.

558 4362 862 4456 ξξιξζξζξὶιξω
908 4376 947 4403 “
986 4373 1144 4431 sedis
1181 4372 1437 4444 legatus,
1479 4374 1541 4425 et
1577 4368 1801 4425 domini
1835 4369 2000 4442 regis
2050 4370 2456 4436 cancellarius,
2508 4372 2833 4429 venerabili
2884 4373 3003 4431 fra·
3027 4355 3277 4400 ⁴⁰⁸¹*st

559 4465 613 4507 or
623 4425 941 4509 Lmoo'in?¹'“
925 4457 1061 4515 ‘tri
1114 4459 1175 4512 et
1221 4454 1411 4511 amico
1463 4454 1768 4511 carissimo
1823 4453 2070 4526 Hugoni
2125 4453 2329 4510 eadem
2372 4455 2568 4528 gratia
2603 4455 3002 4515 Lincolniensi

900 4547 939 4572 “
982 4541 1274 4615 episcope,
1331 4539 1583 4596 salutem
1637 4543 1699 4594 et
1748 4538 1994 4594 sincerae
2031 4538 2364 4595 dilectionis
2400 4539 2696 4597 affectum.
2773 4541 3003 4612 Quanto

904 4630 943 4656 “
984 4628 1056 4683 de
1094 4625 1410 4681 dilectione
1445 4630 1647 4681 vestra
1699 4622 2026 4694 pleniorem
2075 4623 2354 4680 fiduciam
2389 4627 2677 4691 tenemus,
2717 4627 3005 4699 majorem

899 4714 938 4741 ‘⁶
977 4718 1038 4767 et
1073 4709 1460 4766 constantiam
1509 4708 1574 4764 in
1623 4707 1792 4766 vobis
1849 4708 2200 4773 invenimus,
2254 4715 2416 4765 tanto
2464 4709 2849 4767 confidentius
2885 4711 3008 4770 dis-

903 4799 943 4826 “
982 4795 1230 4852 cretioni
1264 4799 1483 4851 vestrae
1519 4799 1581 4849 et
1615 4791 1881 4850 ecclesiae
1933 4792 2045 4848 Dei
2099 4793 2340 4864 negotia
2375 4799 2436 4850 et
2471 4794 2695 4851 domini
2741 4797 2906 4868 regis
2943 4805 3008 4855 et

904 4883 943 4911 ‘⁸
981 4885 1186 4938 nostra
1234 4878 1658 4937 committimus
1710 4877 2111 4949 exsequenda:
2152 4877 2505 4937 confidentes
2542 4879 2606 4935 in
2641 4879 2894 4938 Domino
2929 4882 3008 4940 de
