3585 5863
1353 869 1647 922 mmmm
1692 870 2014 921 suenum.
2661 858 2745 921 15

639 1184 681 1211 “
705 1182 972 1257 Epwtola
1005 1180 1269 1254 mafieffl
1294 1180 1456 1243 Petri
1488 1180 1779 1236 Blesamis
1818 1180 1896 1236 ad
1929 1179 2246 1235 Hem-ioum
2280 1198 2460 1252 reqem
2481 1179 2748 1251 Anqziae.¹
2806 1142 3054 1287 ssfssgffiv..

2792 1294 3072 1354 September.

710 1323 750 1349 “
775 1319 1133 1376 Audivimus
1171 1318 1462 1390 quomodo
1499 1317 1836 1374 Jerusalem
1878 1317 2182 1374 destructa
2215 1322 2326 1383 est,
2366 1323 2428 1374 et
2463 1317 2751 1389 quomodo
2773 1356 2912 1400 Peter
2927 1358 2980 1400 or

640 1407 679 1433 ‘⁸
714 1422 858 1459 crux
890 1403 957 1458 in
992 1420 1112 1475 qua
1146 1402 1421 1459 Christus
1458 1418 1564 1458 nos
1599 1402 1856 1458 redemit
1887 1407 2059 1473 capta
2081 1407 2190 1458 est.
2266 1402 2394 1457 Rex
2418 1401 2750 1457 Jerusalem
2775 1407 2901 1451 Blois
2919 1408 2986 1451 in-

641 1490 681 1516 “
719 1489 782 1543 in
831 1487 1197 1559 Babylonem
1245 1487 1456 1543 ductus
1512 1492 1621 1542 est.
1694 1485 1914 1543 Omnes
1963 1487 2233 1544 civitates
2287 1493 2349 1543 et
2400 1489 2751 1543 munitiones
2779 1509 2843 1552 11.
2859 1510 2911 1551 or
2923 1508 3007 1552 the

2774 1459 2916 1501 forms
2929 1459 3092 1512 Hem-y

641 1575 681 1600 ‘⁸
718 1578 935 1643 proeter
967 1570 1320 1628 Ascalonem
1356 1577 1418 1626 et
1452 1570 1737 1642 Tripolim
1774 1578 1963 1644 captoe
2000 1576 2174 1637 sunt;
2232 1576 2294 1626 et
2327 1570 2517 1627 adhuc
2552 1581 2753 1627 utrum
2777 1560 2970 1611 captivit
3018 1560 3071 1603 ⁰f

641 1659 681 1685 ‘⁶
720 1656 1057 1712 Jerusalem
1113 1654 1332 1728 poterit
1389 1654 1632 1711 canibus
1692 1654 2015 1710 immundis
2075 1654 2373 1721 resistere,
2430 1609 3091 1756 dubitam.{‹iil1ffinelgte}ii’e

640 1743 656 1769 ‘
720 1739 1007 1797 Dominus
1042 1757 1148 1795 rex
1183 1739 1425 1804 Siciliae,
1453 1739 1674 1795 auditis
1699 1738 1792 1795 his
1829 1738 2186 1806 rumoribus,
2216 1740 2421 1796 statim
2459 1756 2522 1795 se
2559 1740 2755 1795 cilicio
2779 1774 2877 1817 The
2893 1774 3007 1836 king
3022 1775 3075 1818 or

640 1825 681 1853 ‘⁴
718 1823 930 1890 induit,
969 1828 1031 1880 et
1062 1839 1171 1896 per
1206 1826 1455 1895 quatuor
1490 1823 1618 1878 dies
1646 1821 1954 1895 plangens,
1995 1827 2056 1878 et
2091 1841 2128 1880 a
2161 1824 2313 1879 facie
2347 1824 2656 1879 hominum
2691 1841 2753 1879 se
2779 1825 3042 1877 Sieilyism

2780 1875 3017 1919 sackcloth
3029 1894 3041 1927 ς

641 1909 682 1935 “
721 1907 1099 1972 abscondens,
1154 1906 1246 1962 illi
1298 1911 1476 1963 terroe
1531 1922 1878 1963 succurrere
1930 1924 2038 1979 pro
2090 1924 2266 1980 posse
2316 1926 2424 1964 suo
2475 1907 2642 1964 anxie
2696 1913 2757 1963 et
2778 1926 2872 1969 and
2889 1925 2971 1969 tho
2987 1938 3086 1970 oar.

296 1999 519 2060 Aban-,et

340 2061 432 2092 ven
448 2061 500 2092 ln

642 1993 682 2020 u
720 1992 1013 2049 constanti
1047 1990 1356 2048 devotione
1404 1990 1696 2063 promisit.
1772 1990 2117 2047 cardinales
2170 1996 2367 2049 autem
2403 1993 2476 2048 de
2512 2009 2756 2048 assensu
2779 1976 3023 2079 ffinffisstssm

643 2078 683 2104 ‘⁸
721 2076 943 2132 domim
996 2093 1165 2147 papae
1200 2075 1354 2131 inter
1408 2090 1473 2131 se
1523 2075 1774 2131 firmiter
1824 2076 2241 2146 promiserunt,
2301 2076 2457 2148 quod
2510 2076 2753 2148 abjectis
2836 2089 2892 2120 m
2907 2089 3034 2122 men-

346 2100 540 2150 ovedeu,

295 2154 389 2195 3⁶2.
406 2152 451 2193 b.
466 2155 537 2195 41.
643 2162 682 2189 ⁴⁶
720 2160 990 2217 omnibns
1037 2159 1267 2215 divitiis
1319 2164 1381 2215 et
1434 2158 1688 2226 deliciis,
1744 2159 2153 2230 praedicabunt
2202 2159 2456 2217 Crucem
2506 2160 2750 2225 Christi,

2715 2160 2727 2174 .
2779 2130 2977 2175 dieants.

642 2246 683 2272 ‘⁸
719 2262 836 2301 non
872 2245 1065 2301 solum
1101 2244 1304 2310 verbe,
1345 2242 1453 2300 sed
1504 2260 1699 2315 opere,
1742 2249 1804 2300 et
1838 2244 2126 2317 exemplo,
2166 2249 2229 2300 et
2279 2250 2486 2302 euntes
2534 2244 2756 2301 mendi·

642 2330 683 2357 ‘⁸
721 2330 904 2385 cando
938 2328 1231 2400 accipient
1264 2342 1503 2384 crucem
1537 2327 1740 2400 primi,
1769 2334 1831 2384 et
1855 2328 2260 2400 proedioabunt
2272 2350 2290 2393 ς
2329 2335 2391 2385 et
2424 2328 2758 2400 praecedent

642 2415 682 2441 “
719 2414 865 2468 alios
919 2412 985 2468 in
1035 2418 1257 2468 terram
1292 2411 1647 2467 Jerusalem.
1751 2411 2101 2468 Statuerunt
2152 2413 2332 2468 etiam
2386 2412 2460 2468 de
2513 2429 2755 2467 assensu

645 2498 682 2524 ‘⁶
720 2496 944 2552 domini
996 2513 1184 2568 papae,
1239 2495 1611 2552 firmissimas
1671 2502 1915 2567 treugas
1975 2497 2132 2552 inter
2195 2513 2397 2552 omnes
2454 2496 2754 2568 principes

645 2582 684 2607 n
722 2579 1185 2636 Christianitatis
1245 2595 1438 2651 usque
1494 2578 1569 2634 ad
1624 2580 2015 2650 septennium,
2079 2580 2166 2635 ita
2217 2579 2374 2651 quod
2422 2579 2755 2650 quicunque
2779 2568 3064 2672 ΒΛΕξζὲοξὲξ-ι,

645 2666 685 2692 “
721 2680 1001 2737 guerram
1036 2668 1239 2720 contra
1273 2663 1681 2719 Christianum
1718 2663 1917 2719 medio
1967 2669 2233 2736 tempore
2268 2663 2537 2729 moverit,
2578 2663 2758 2718 male·
2780 2670 2820 2712 is
2837 2682 2862 2712 e
2915 2670 3052 2714 oined

644 2751 684 2776 ‘⁸
722 2748 965 2806 dictioni
988 2748 1102 2803 Dei
1130 2753 1192 2803 et
1214 2747 1435 2803 domini
1459 2765 1646 2820 papae,
1675 2752 1854 2818 atque
1892 2747 2474 2803 excommunicationi
2497 2747 2757 2802 omnium
2780 2732 2880 2815 ἵξῃ
2896 2722 3095 2824 Ρὲἒζὲζ

646 2835 684 2861 “
719 2832 1101 2904 praelatorum
1135 2832 1489 2889 universalis
1532 2831 1799 2887 ecclesiae
1837 2831 2184 2903 subjacebit.
2260 2831 2542 2908 Firmiter
2579 2832 2758 2886 etiam

646 2918 685 2945 “
721 2916 875 2974 inter
912 2936 976 2974 se
1010 2916 1429 2989 promiserunt,
1459 2916 1617 2989 quod
1652 2914 1727 2972 de
1762 2921 1977 2972 caetero
2003 2916 2170 2973 nulla
2203 2934 2451 2972 munera
2472 2915 2759 2988 recipient

648 3005 686 3030 ‘⁶
724 3003 797 3058 ab
833 3002 1051 3075 aliquo,
1093 3002 1198 3073 qui
1232 3018 1471 3058 eausam
1518 3000 1735 3058 habeat
1771 3001 1836 3056 in
1870 3001 2054 3069 curia,
2097 3000 2201 3057 sed
2238 3018 2309 3057 ea
2342 3006 2574 3057 tantum
2610 3001 2757 3056 reci-

647 3088 687 3114 “
722 3104 863 3158 pere
899 3092 1178 3159 poterunt
1214 3103 1347 3157 quae
1383 3084 1608 3142 fuerint
1640 3103 1750 3157 pro
1803 3102 2008 3142 eorum
2042 3086 2394 3142 necessitate
2436 3090 2498 3141 et
2532 3093 2760 3141 susten-

649 3173 686 3199 “
721 3171 942 3227 tatione
979 3171 1193 3227 donata
1227 3170 1324 3227 vel
1359 3170 1563 3237 missa,
1603 3175 1666 3225 et
1698 3186 1815 3225 non
1851 3170 2169 3226 ascendent
2200 3170 2266 3226 in
2299 3187 2519 3243 equum
2558 3187 2760 3242 quam·
2823 3170 2884 3214 1’0·
2899 3172 2977 3215 123
2992 3178 3056 3215 νο·

648 3258 688 3284 “
724 3255 828 3352 diu
861 3260 1023 3312 terra
1054 3256 1121 3310 in
1156 3271 1273 3327 qua
1307 3259 1600 3312 steterunt
1632 3253 1815 3326 pedes
1869 3254 2109 3310 Domini
2144 3256 2328 3311 fuerit
2362 3255 2472 3312 sub
2506 3254 2757 3326 pedibus

648 3341 687 3368 ‘⁶
724 3338 968 3396 inimici.
1043 3337 1316 3397 Valetee’

1147 3583 1186 3609 ⁶⁴
1229 3578 1498 3652 Epiotoza
1535 3577 1800 3651 Greqorii
1830 3593 1996 3651 papae
2032 3579 2260 3636 octavi?
2797 3592 2997 3639 october
3012 3597 3077 3642 ῃ.

722 3744 761 3770 “
790 3739 1116 3813 Gregorius
1138 3739 1471 3812 episcopus,
1494 3755 1704 3798 serv-us
1730 3755 2041 3797 servorum
2058 3738 2193 3835 D·ei,
2214 3737 2509 3795 universis
2535 3737 2756 3795 Christi
2781 3750 2986 3844 2350?

648 3829 689 3855 ‘⁶
728 3825 1000 3883 fidelibus
1036 3825 1112 3881 ad
1161 3842 1310 3896 quos
1345 3824 1563 3881 litterae
1609 3825 1744 3882 istae
1797 3828 2198 3895 pervenerint,
2238 3822 2492 3880 salutem
2529 3829 2589 3878 et
2624 3841 2758 3894 apo·
2782 3831 2926 3894 clares
2940 3815 3058 3895 ἕω.

649 3912 689 3938 “
729 3911 997 3967 stolieam
1030 3909 1519 3967 benedictionem.
1593 3907 1819 3966 Audita
1851 3908 2145 3965 tremendi
2182 3908 2497 3965 severitate
2545 3907 2758 3979 judicii
2781 3901 3094 3997 ξξῑξξὲξέᾖξᾶ

649 3996 690 4024 “
728 4012 909 4067 quam
960 4012 1139 4066 super
1175 4000 1399 4052 terram
1436 3993 1773 4050 Jerusalem
1810 3992 2030 4050 Divina
2068 4011 2279 4050 manus
2316 3992 2598 4058 exercuit,
2637 3997 2758 4048 toto
2781 4003 2902 4097 ἶσαι
2916 4005 3001 4048 the

650 4081 689 4107 “
729 4097 935 4136 sumus
968 4095 1076 4136 nos
1101 4083 1163 4135 et
1196 4079 1415 4135 fratres
1450 4079 1640 4134 nostri
1663 4078 1909 4134 horrore
1946 4078 2196 4145 confusi,
2223 4078 2524 4148 tantisque
2559 4075 2760 4132 afflicti
2823 4055 2911 4099 ⁸⁶¹²·

649 4165 691 4190 “
730 4163 1052 4229 doloribus,
1089 4169 1161 4219 ut
1210 4180 1330 4219 non
1379 4161 1557 4218 facile
1607 4162 1777 4218 nobis
1830 4167 2188 4228 occurreret,
2230 4161 2376 4233 quid
2425 4177 2625 4233 agere,
2663 4160 2760 4216 vel

650 4250 690 4275 ‘⁴
730 4248 874 4319 quid
896 4248 1092 4304 facere
1128 4246 1467 4313 debeamus,
1492 4246 1613 4303 nisi
1648 4246 1808 4319 quod
1842 4246 2154 4318 psalmista
2176 4246 2448 4317 deplorat
2479 4250 2542 4301 et
2577 4244 2755 4300 dicit:

294 4342 588 4391 1³21an
650 4333 691 4362 “
732 4334 747 4360 ‘
766 4331 950 4399 Deus,
1002 4335 1292 4388 venerunt
1335 4335 1542 4404 gentes
1615 4331 1679 4386 in
1737 4330 2146 4387 haereditatem
2194 4330 2402 4394 Tuam,
2462 4329 2597 4385 etc.'
2671 4329 2760 4383 Ex

648 4418 689 4444 ‘⁶
728 4415 1031 4473 occasione
1068 4415 1287 4487 quippe
1336 4414 1745 4480 dissensionis,
1786 4432 1919 4486 quae
1954 4413 2188 4471 malitia
2232 4413 2538 4469 hominum
2573 4430 2760 4484 nuper

1354 4587 2160 4595 -ῥη--..-.--.«-.-.------.-------ι
2187 4586 2440 4591 ——-.—-n
2485 4586 2746 4593 -A———-

712 4695 1646 4763 ²ThisletterisgiveninDr.
1815 4694 2762 4763 ²Thisletterisgiveualsoby

647 4778 832 4833 ennea
879 4777 1071 4830 edition
1113 4776 1177 4829 01·
1220 4776 1311 4828 the
1366 4775 1541 4829 leuem
1597 4775 1660 4826 or
1750 4773 2594 4842 wmnmofnevbmgnffim.

646 4839 797 4913 reta
814 4857 1048 4924 ermon,
1069 4856 1168 4924 sp.
1190 4861 1309 4909 224.
