3585 5863
262 1043 484 1150 ἒῗὶὧῖῗ·

263 1145 442 1193 anon-ter.

1487 871 1795 922 RICARDI.
2569 866 2696 928 145

586 1036 954 1104 sufficiebat
1015 1039 1134 1105 uni
1199 1039 1322 1107 soli
1384 1040 1640 1107 homini
1710 1042 1797 1109 ad
1863 1044 2234 1129 prandium,
2282 1045 2695 1113 vendebatur
2753 1069 2863 1114 An
2881 1075 2998 1117 noo.

588 1159 707 1223 pro
775 1139 997 1205 decem
1060 1142 1287 1206 solidis
1333 1142 1837 1230 Andegavensis
1905 1151 2206 1211 monetae.
2302 1146 2471 1213 Caro
2536 1171 2693 1215 vero
2718 1120 3008 1229 mm*

586 1241 830 1326 equina
876 1248 1018 1308 erat
1076 1243 1209 1308 illis
1255 1245 1328 1308 in
1374 1245 1664 1326 deliciis3
1732 1251 1802 1311 et
1866 1268 2055 1312 suma
2121 1248 2321 1313 unius
2389 1251 2543 1335 equi
2609 1252 2692 1317 de
2715 1236 3008 1337 3222&ss

585 1341 919 1410 frumento
964 1345 1383 1411 vendebatur
1448 1368 1567 1433 pro
1614 1348 1914 1413 ducentis
1968 1350 2293 1415 bisantiis.
2384 1351 2475 1416 Et
2542 1373 2692 1418 cum
2714 1332 2844 1379 Aere.

585 1443 790 1510 fames
856 1446 974 1510 illa
1017 1448 1416 1514 excrevisset
1476 1449 1720 1513 iterum
1765 1455 1846 1514 ut
1907 1449 2042 1516 sere
2108 1472 2334 1517 omnes
2397 1453 2692 1539 perirent

584 1544 758 1612 fame
821 1552 891 1612 et
956 1548 1199 1635 inopia,
1266 1550 1456 1614 venit
1531 1550 1776 1615 clamor
1849 1551 2077 1637 populi
2152 1552 2241 1617 ad
2305 1552 2689 1620 Hubertum

586 1646 868 1714 Walteri
912 1651 1287 1737 episcopum
1332 1650 1887 1717 salesbiriensem.
1967 1652 2057 1717 Et
2102 1653 2262 1739 ipse,
2294 1654 2545 1720 Divina
2589 1657 2693 1720 in-

584 1749 878 1834 spirante
919 1750 1156 1838 gratia,
1187 1753 1501 1817 convenit
1546 1753 1875 1840 principes
1919 1755 2266 1832 exercitus,
2298 1759 2370 1820 et
2415 1758 2687 1823 consilio

584 1870 806 1915 eorum
867 1853 1110 1917 statuit
1171 1854 1510 1919 collectam
1577 1853 1663 1918 ad
1708 1876 1871 1940 opus
1933 1875 2297 1941 pauperum
2343 1859 2684 1924 exercitus.

584 1950 677 2015 Et
740 1957 1002 2018 tantum
1067 1954 1550 2020 incrementum
1602 1955 1791 2020 dedit
1836 1955 2165 2022 Dominus
2225 1956 2517 2023 collectae
2564 1959 2684 2040 illi,

583 2052 758 2136 quod
817 2053 1180 2119 sufficiebat
1232 2056 1707 2121 sustentationi
1753 2057 2050 2122 omnium
2120 2057 2326 2124 donee
2373 2057 2686 2146 Largitor

581 2153 904 2219 bonorum
963 2157 1257 2221 omnium
1306 2158 1487 2223 Deus
1529 2159 1932 2245 prospiciens
1976 2181 2062 2224 ex
2123 2161 2278 2238 alto,
2342 2161 2528 2226 misit
2589 2163 2685 2227 eis

581 2256 1061 2322 abundantiam
1121 2257 1459 2339 fiumenti,
1506 2264 1577 2325 et
1621 2260 1767 2326 vini
1836 2266 1907 2327 et
1970 2261 2112 2327 olei.
2207 2263 2435 2328 Tertia
2505 2264 2683 2328 enim
2707 2278 2887 2323 Διτὶνιι
2903 2283 2955 2325 or

579 2357 686 2423 die
749 2364 901 2445 post
965 2360 1307 2425 collectam
1374 2361 1771 2448 pauperibus
1835 2363 2283 2443 distributam,
2350 2371 2682 2430 venerunt
2707 2330 2974 2380 provisions.

576 2481 781 2527 naves
827 2467 1083 2527 onustae
1128 2462 1479 2538 frumento,
1509 2462 1671 2528 vino
1702 2469 1771 2528 et
1801 2464 1964 2543 olen,
2013 2470 2081 2529 et
2126 2463 2423 2529 fecerunt
2464 2465 2679 2530 forum

577 2561 826 2627 bonum
853 2588 870 2645 3
918 2564 1019 2627 ita
1053 2562 1231 2649 quod
1276 2586 1535 2629 summa
1563 2566 1716 2649 equi
1763 2565 1845 2629 de
1875 2564 2226 2642 frumento,
2259 2588 2407 2650 quae
2437 2566 2682 2632 vende-

577 2663 778 2728 batur
821 2686 941 2751 pro
972 2666 1297 2746 ducentis,
1319 2666 1632 2730 bisantiis
1677 2688 1796 2754 pro
1829 2688 1945 2730 sex
1976 2667 2137 2731 data
2166 2666 2297 2731 fuit
2341 2666 2673 2733 bisantiiS.

666 2765 916 2831 Eodem
960 2788 1138 2832 anno
1185 2789 1336 2833 cum
1367 2767 1698 2833 Henricus
1741 2790 1863 2833 rex
1892 2768 2411 2833 Alemannorum
2456 2770 2676 2834 audis·
2700 2790 2843 2834 1³0·oe

575 2872 680 2931 set
727 2867 905 2953 quod
951 2868 1333 2935 Fredericus
1378 2869 1827 2935 Romanorum
1881 2870 2238 2956 imperator
2282 2875 2474 2957 pater
2517 2891 2676 2936 suus
2700 2842 2962 2938 fftwoeffi.

574 2976 875 3036 mortuus
920 2978 1089 3037 esset
1119 2996 1133 3050 ;
1164 2971 1455 3036 reddidit
1486 2971 1779 3036 Henrico
1828 2972 1977 3036 duci
2009 2972 2319 3039 Saxoniae
2366 2973 2678 3039 universa
2700 2943 2975 3038 iffinc‘ff'

574 3094 722 3158 quae
768 3079 954 3159 pater
998 3095 1156 3138 suus
1186 3074 1248 3139 ei
1293 3073 1701 3155 abstulerat;
1749 3078 1820 3138 et
1863 3073 2346 3139 incrementum
2387 3076 2571 3140 dedit
2616 3077 2678 3141 ei

573 3174 796 3240 decem
842 3175 1116 3240 castella
1150 3174 1417 3262 optima.
1509 3174 1836 3241 Similiter
1878 3175 2038 3241 fecit
2082 3178 2337 3242 caeteris
2367 3177 2676 3242 omnibus

570 3298 615 3340 a
659 3277 1181 3362 quibuscumque
1226 3282 1418 3363 pater
1462 3297 1619 3341 suus
1665 3275 1921 3361 aliquid
1967 3276 2351 3355 abstulerat,
2396 3279 2676 3344 reddens

569 3377 925 3464 unicuique
968 3379 1143 3464 quod
1188 3400 1380 3443 suum
1426 3382 1585 3443 erat.

660 3477 966 3544 Pacatis¹
1010 3480 1235 3564 itaque
1296 3479 1425 3544 sibi
1471 3479 1777 3543 omnibus
1845 3477 2225 3544 hominibus
2292 3479 2447 3557 suiS,
2491 3481 2676 3546 misit
2699 3487 2960 3584 mp-

571 3581 845 3646 nuncios
912 3601 1065 3645 suos
1131 3580 1216 3645 ad
1280 3580 1688 3647 Clementem
1755 3600 1993 3666 papam
2057 3586 2126 3644 et
2194 3580 2281 3644 ad
2341 3586 2673 3647 senatores
2698 3588 2999 3684 ‹lissffinfftho

570 3682 755 3747 urbis
824 3683 1155 3762 Romanae,
1225 3688 1458 3768 petens
1521 3681 1651 3745 sibi
1715 3681 2085 3746 Romanum
2164 3680 2532 3767 imperium,
2603 3689 2673 3750 et
2739 3703 2972 3748 r0.1aer·.

571 3786 965 3871 promittens
1010 3806 1078 3850 se
1123 3786 1195 3848 in
1242 3784 1549 3850 omnibus
1592 3784 1769 3869 leges
1817 3789 1886 3848 et
1930 3782 2292 3869 dignitates
2338 3782 2672 3850 Romanas
2697 3765 2885 3818 empire.

569 3892 988 3953 servaturum
1054 3886 1309 3953 illaesas.
1405 3885 1708 3952 Clemens
1752 3906 1910 3950 vero
1975 3907 2165 3972 papa,
2231 3884 2459 3949 habito
2519 3908 2665 3951 cum

570 3989 983 4054 senatoribus
1030 3993 1099 4054 et
1143 3988 1383 4074 populo
1430 3987 1730 4053 Romano
1776 4007 1973 4073 super
2015 3985 2451 4072 petitionibus
2494 3989 2670 4075 regis

570 4090 1092 4156 Alemannorum
1161 4112 1311 4155 cum
1386 4089 1862 4155 deliberatione
1936 4087 2249 4167 oonsili03
2325 4089 2670 4175 respondit

565 4213 703 4258 rem
747 4193 917 4259 bene
961 4212 1405 4279 processuram
1450 4191 1507 4255 si
1567 4190 1743 4255 idem
1790 4210 1909 4254 rex
1953 4189 2473 4255 Alemannorum
2518 4212 2670 4256 con-

563 4294 710 4361 silio
751 4299 822 4360 et
871 4295 1206 4360 voluntati
1253 4293 1395 4379 ejus
1439 4297 1510 4357 et
1555 4295 1932 4357 senatorum
1979 4290 2410 4377 adquieverit.
2501 4293 2671 4360 Erat

1461 4431 1740 4438 ----.----
1773 4431 1997 4437 m*›
2024 4429 2239 4436 -——-..——
2262 4432 2275 4435 -
2296 4430 2419 4436 ἠ-..-
2630 4431 2660 4437 .-

756 4436 856 4441 .αᾼ-
915 4435 970 4442 4

631 4505 648 4537 ¹
683 4506 798 4556 The
833 4519 984 4570 peace
1021 4504 1079 4555 of
1115 4504 1295 4563 Fulda,
1341 4504 1569 4554 between
1659 4516 1708 4565 p.
1746 4506 1862 4552 394.
1930 4499 2111 4565 Henry
2131 4499 2230 4551 VL
2264 4502 2385 4550 does
2423 4508 2513 4550 not
2534 4517 2669 4553 seem

563 4584 744 4649 Henry
766 4585 863 4636 VI.
896 4584 998 4635 and
1029 4582 1209 4649 Henry
1231 4583 1320 4634 the
1341 4582 1493 4646 Lion,
1527 4581 1571 4632 is
1661 4588 1716 4631 to
1737 4580 1869 4630 have
1890 4580 2047 4630 heard
2083 4579 2145 4628 of
2172 4579 2251 4628 his
2283 4578 2494 4630 father’s
2515 4583 2671 4633 death

562 4664 673 4714 said
715 4671 769 4714 to
811 4664 945 4714 have
1003 4665 1132 4713 been
1178 4662 1460 4713 concluded
1515 4661 1572 4710 in
1662 4659 1836 4710 before
1859 4659 2162 4709 November.
2230 4657 2297 4709 V.
2316 4656 2440 4711 chr.
2461 4659 2667 4714 Godest.

561 4742 705 4809 July.
775 4742 951 4805 Prutz,
986 4740 1239 4793 Heinrich
1277 4742 1368 4793 der
1402 4739 1576 4804 Lowe,
1664 4737 1810 4789 Mon.
1835 4738 1942 4801 (ap.
1965 4736 2174 4788 Freher.
2198 4736 2232 4788 i.
2258 4739 2401 4802 354.)

737 4838 875 4887 VOL
937 4838 1010 4887 11.
2348 4834 2400 4883 Κ
