3585 5863
875 892 988 957 ¹42
1704 904 1923 955 cus-rs
1968 904 2169 955 naam

588 1081 834 1181 Δέξῃοιιιὲε.
967 1076 1311 1133 “Clemens
1361 1078 1691 1150 episcopus,
1744 1096 1955 1135 servus
2007 1096 2313 1135 servorum
2364 1080 2498 1145 Dei,
2557 1080 2994 1136 venerabilibus
3014 1081 3258 1179 {Im-wedam,

552 1191 650 1235 'rho
667 1206 783 1246 pope
896 1164 934 1190 “
975 1162 1257 1217 fratribus
1296 1162 1336 1218 J
1338 1162 1563 1218 ocehno
1603 1162 1972 1228 Glascuensi,
2013 1169 2074 1218 et
2125 1164 2382 1219 Mathaeo
2415 1164 2822 1220 Aberdenensi
2872 1165 2993 1236 epi-

551 1244 854 1337 ἒῗέἐῖιίἓῖῢδθ
896 1249 934 1274 “
974 1247 1185 1318 scopis,
1226 1251 1287 1300 et
1322 1246 1557 1302 dilectis
1606 1247 1747 1303 filiis
1782 1246 2083 1303 Arnaldo¹
2121 1248 2318 1304 abbati
2366 1247 2439 1303 de
2474 1248 2718 1314 Melros,
2758 1253 2820 1304 et
2851 1249 2995 1305 Ber-

550 1343 739 1398 bishops
895 1333 933 1358 “
975 1336 1125 1385 tram
1163 1330 1349 1401 priori
1399 1329 1471 1385 de
1511 1329 1950 1401 Goldingham,²
1987 1331 2239 1387 salutem
2289 1338 2350 1388 et
2396 1332 2775 1403 apostolicam
2821 1333 2995 1389 bene-

552 1394 736 1489 {iffaff
761 1446 824 1490 11.
895 1417 934 1442 “
973 1414 1307 1469 dictionem.
1407 1413 1501 1468 Ne
1560 1415 1624 1469 in
1688 1414 2073 1471 dubitationis
2132 1415 2402 1471 recidant
2460 1416 2806 1487 scrupulum
2864 1434 2993 1488 quae

551 1495 647 1538 had
663 1509 786 1589 ⁸31³·
895 1502 932 1526 ‘⁶
972 1504 1293 1569 geruntur3
1346 1498 1596 1569 dignum
1632 1503 1724 1554 est
1769 1499 2107 1555 litterarum
2142 1499 2442 1555 memoriae
2478 1500 2895 1566 commendari,
2935 1506 2995 1556 et

550 1558 717 1650 ξῗὲἷιιὲρ
893 1586 930 1611 “
970 1583 1046 1639 ad
1096 1583 1337 1639 illorum
1387 1583 1658 1638 notitiam
1713 1601 1967 1654 quorum
2020 1584 2309 1638 interesse
2357 1582 2612 1649 videtur,
2653 1584 2885 1639 celebri·
2926 1602 2992 1639 ac

549 1647 930 1750 ἐᾎξῗξξυξξθ“
968 1667 1231 1723 veridica
1253 1667 1646 1722 insinuatione
1670 1667 1941 1739 perferri.
2004 1666 2385 1723 Meminimus
2412 1673 2610 1722 autem
2636 1667 2795 1737 quod
2828 1667 2991 1722 bonae

550 1749 907 1844 “affilissd‘
917 1753 1270 1806 ‘memoriae
1305 1751 1580 1807 Urbanus
1627 1769 1798 1823 papa,
1838 1751 2239 1824 praedecessor
2273 1756 2490 1817 noster,
2531 1751 2777 1823 Hugoni
2813 1769 2991 1822 quon-

550 1811 690 1894 ¹dogma.
893 1839 931 1864 “
970 1837 1107 1891 dam
1157 1836 1315 1892 dicto
1370 1837 1643 1907 episcopo
1696 1836 1897 1892 Sancti
1933 1835 2207 1901 Andreae,
2247 1853 2358 1908 pro
2412 1836 2811 1892 controversia
2861 1853 2989 1907 quae

893 1923 932 1948 “
969 1921 1124 1975 inter
1159 1939 1295 1975 eum
1333 1926 1394 1975 et
1427 1920 1829 1975 venerabilem
1865 1920 2111 1975 fratrem
2146 1926 2414 1976 nostrum
2439 1919 2479 1974 J
2481 1919 2767 1975 ohannem
2800 1926 2989 1975 verte·

893 2007 930 2032 “
968 2005 1161 2069 batur,
1220 2004 1330 2061 sub
1382 2003 2004 2061 excommunicationis
2055 2003 2502 2075 interpositione
2552 2004 2872 2068 mandavit,
2922 2009 2990 2059 ut

893 2092 931 2116 “
970 2088 1046 2144 ad
1082 2094 1310 2145 certum
1345 2088 1503 2143 diem
1551 2105 1945 2160 responsurus
1981 2087 2045 2143 in
2090 2088 2229 2159 jure
2265 2086 2533 2159 aspectui
2570 2105 2633 2143 se
2670 2087 2988 2158 apostolico

893 2176 931 2201 “
970 2177 1368 2244 praesentaret.
1466 2172 1693 2228 Verum
1766 2172 1908 2243 quia
1967 2172 2236 2227 conscius
2294 2176 2535 2227 actuum
2607 2188 2867 2235 suorum,
2931 2177 2990 2225 et

602 2250 661 2292 ΥΟ·
680 2253 754 2294 131
772 2256 836 2293 νο·
892 2259 929 2283 “
970 2263 1243 2312 eventum
1274 2255 1489 2326 judicii
1523 2272 1640 2310 non
1674 2255 1973 2311 immerito
2010 2254 2420 2321 reformidans,
2446 2256 2656 2311 venire
2691 2260 2988 2310 contuma-

549 2347 647 2391 The
663 2360 780 2401 pope
892 2344 929 2368 “
969 2342 1117 2397 citer
1151 2340 1483 2405 recusavit;
1535 2357 1641 2395 nos
1676 2357 1785 2411 pro
1839 2340 1951 2395 hoc
2006 2344 2066 2394 et
2100 2356 2209 2411 pro
2263 2339 2398 2394 aliis
2453 2339 2659 2395 multis
2697 2357 2828 2411 quae
2863 2355 2986 2395 cre-

547 2399 854 2494 ggffisffiehgae
894 2428 930 2453 “
968 2426 1277 2481 brescente
1315 2425 1471 2480 fama
1519 2423 1785 2479 ecclesiae
1822 2423 1937 2478 Dei
1986 2423 2330 2480 scandalum
2374 2429 2752 2497 pepererunt,
2790 2424 2985 2496 ipsum

548 2500 823 2594 gffiwfflnd
893 2514 930 2537 “
969 2511 1041 2565 ab
1079 2510 1419 2581 episcopatu
1446 2508 1648 2565 Sancti
1668 2507 1943 2573 Andreae,
1973 2509 2046 2564 de
2082 2509 2328 2564 consilio
2353 2514 2414 2564 et
2447 2527 2694 2565 assensu
2718 2509 2981 2572 flatrum,

547 2601 612 2644 au
625 2602 852 2662 episcopal
892 2598 930 2622 ‘⁶
968 2600 1251 2667 perpetuo
1280 2594 1699 2665 judicavimus,
1728 2592 2063 2665 apostolicae
2089 2593 2245 2649 sedis
2271 2595 2641 2659 auctoritate,
2668 2600 2980 2649 remotum:

547 2652 813 2745 agabi-<3138
892 2681 929 2706 ‘⁴
971 2683 1030 2733 et
1083 2679 1154 2733 ab
1205 2696 1321 2734 usu
1371 2678 1723 2749 episcopalis
1774 2676 1950 2733 officii
2008 2693 2077 2733 eo
2138 2694 2327 2747 usque
2378 2694 2775 2758 suspensum,·
2805 2676 2983 2733 donec

546 2747 838 2845 tlsscsckapter
892 2765 930 2791 “
970 2764 1292 2834 apostolica
1327 2762 1497 2818 sedes
1550 2761 1785 2816 duxerit
1838 2760 1910 2815 de
1959 2761 2091 2831 ipso
2141 2761 2314 2816 aliter
2365 2760 2763 2827 statuendum,
2802 2760 2985 2816 absol-

547 2815 672 2896 grew
678 2817 779 2898 ’azo
891 2850 930 2874 “
967 2854 1173 2903 ventes
1199 2866 1235 2902 a
1270 2846 1552 2901 fidelitate
1590 2845 1876 2910 subditos,
1907 2863 2024 2916 qua
2059 2846 2115 2900 ei
2140 2845 2490 2901 tenebantur
2526 2846 2774 2901 astricti.
2836 2845 2983 2900 Sane

547 2904 846 3006 ξῖξξιῗοζῃξζ
891 2934 930 2958 “
970 2930 1109 3002 quia
1160 2937 1437 2987 vacantes
1494 2929 1778 2986 ecclesias
1830 2929 2057 2986 diutius
2109 2927 2403 3002 regimine
2453 2929 2736 3003 pastorali
2785 2947 2982 2986 carere

544 2989 810 3098 ffmffilfd·
889 3019 926 3043 “
967 3032 1269 3071 sacrorum
1320 3031 1608 3069 canonum
1659 3014 1933 3069 inhibent
1968 3015 2333 3078 sanctiones3
2388 3013 2735 3070 discretioni
2768 3020 2982 3070 vestrae

547 3106 609 3148 Jo
747 3067 804 3109 ορ
889 3102 927 3127 “
964 3117 1071 3171 per
1121 3097 1443 3169 apostolica
1492 3098 1713 3168 scripta
1764 3097 2155 3163 mandantes,³
2193 3103 2482 3169 quatenus
2535 3098 2781 3155 dilectos
2833 3099 2983 3154 filios

889 3185 926 3210 “
964 3187 1196 3238 nostros
1233 3181 1557 3252 capitulum
1584 3181 1785 3237 Sancti
1806 3180 2061 3237 Andreae
2098 3200 2169 3237 ex
2202 3189 2371 3254 parte
2402 3188 2606 3238 nostra
2640 3183 2983 3254 diligentius

889 3270 926 3294 “
965 3266 1268 3329 moneatis,
1309 3271 1377 3321 ut
1413 3265 1526 3320 sibi
1575 3266 1754 3320 talem
1791 3266 2018 3338 eligant
2052 3267 2395 3338 episcopum
2432 3273 2492 3323 et
2525 3272 2842 3340 pastorem,
2883 3268 2983 3338 qui

888 3354 926 3378 “
966 3351 1146 3422 digne
1178 3350 1369 3422 possit
1403 3349 1754 3421 episcopalis
1792 3351 1969 3405 officii
2024 3352 2313 3422 dignitate
2362 3352 2558 3424 potiri.
2638 3351 2983 3422 specialiter

888 3439 927 3462 “
965 3441 1164 3491 autem
1216 3452 1335 3500 eos,
1377 3439 1662 3505 quantum
1712 3435 1884 3490 vobis
1937 3435 2220 3506 possibile
2274 3436 2474 3502 fuerit,
2513 3435 2793 3492 inducere
2828 3436 2983 3491 labo-

888 3523 925 3546 “
964 3521 1127 3584 retis,
1195 3523 1263 3574 ut
1321 3525 1712 3575 memoratum
1761 3518 1804 3574 J
1806 3519 2091 3574 ohannem
2151 3521 2511 3592 episcopum,
2561 3522 2761 3577 virum
2818 3521 2980 3576 bonae

888 3608 925 3632 ‘⁸
965 3604 1273 3675 opinionis,
1320 3607 1380 3657 et
1431 3620 1538 3674 pro
1599 3604 1694 3658 sui
1743 3604 2050 3659 honestate
2100 3605 2269 3660 nobis
2321 3609 2383 3659 et
2434 3605 2718 3660 fratribus
2760 3605 2977 3662 nostris

887 3692 925 3716 “
963 3693 1287 3759 acceptum,
1328 3686 1404 3741 ad
1455 3687 1728 3758 regimen
1782 3691 1843 3741 et
1894 3687 2301 3758 praelationem
2338 3689 2503 3744 illius
2541 3689 2805 3745 ecclesiae
2854 3690 2977 3744 sine

886 3775 925 3800 “
965 3773 1318 3843 cujusquam
1355 3771 1635 3842 scrupulo
1687 3769 2051 3827 difficultatis
2088 3779 2409 3829 assumant.
2486 3772 2655 3842 Quod
2691 3775 2744 3828 si
2780 3791 2978 3829 omnes

886 3861 924 3884 “
963 3858 1056 3912 his
1119 3855 1503 3928 exsequendis
1567 3855 1960 3925 nequiveritis
2020 3856 2327 3923 interesse,
2390 3858 2507 3929 duo
2576 3863 2841 3913 vestrum
2911 3876 2982 3913 ea

885 3944 923 3968 “
962 3940 1344 3996 nihilominus
1380 3943 1796 4009 exsequantur.
1870 3939 2092 3996 Datum
2127 3940 2302 4007 Pisae,
2329 3941 2493 3997 xviia
2520 3941 2798 3998 kalendas
2834 3941 2981 3997 Feb·

886 4031 923 4054 “
962 4024 1167 4080 ruarii.
1241 4022 1574 4078 Indictione
1612 4022 1840 4078 sexta.’'

888 4230 1221 4304 “Epistola
1246 4228 1542 4286 Clementis
1577 4246 1742 4301 papae
1776 4228 1934 4283 tertii
1968 4229 2047 4284 ad
2079 4228 2432 4286 Willelwvwm
2465 4249 2645 4302 reqmn
2668 4230 2975 4289 Scotomm.

606 4350 714 4396 ³²¹¹·
728 4357 792 4397 1⁶·
955 4363 1295 4419 “Clemens
1343 4361 1672 4432 episcopus,
1714 4377 1922 4416 servus
1961 4378 2269 4417 servorum
2306 4362 2439 4430 Dei,
2478 4363 2782 4421 Willelmo
2816 4364 2983 4421 illus-
3006 4371 3264 4431 11on

539 4412 777 4510 RQ&
908 4449 1041 4505 ‘m
1087 4446 1220 4519 regi
1272 4445 1601 4510 Scotorum,
1642 4444 1895 4499 salutem
1950 4451 2011 4500 et
2064 4445 2445 4518 apostolicam
2493 4448 2979 4505 benedictionem.
3005 4426 3102 4469 ³⁶⁸·
3120 4426 3168 4470 b.
3187 4432 3263 4476 ²⁰·

543 4516 730 4610 {¹223}ssss
772 4519 824 4560 θ’
883 4532 1177 4588 “Oculos
1215 4530 1446 4588 Divinae
1481 4528 1815 4600 Majestatie
1871 4527 2164 4585 offendere
2213 4548 2330 4585 non
2384 4530 2682 4588 modicum
2733 4533 2981 4588 oestima-

949 4751 963 4783 ¹
998 4749 1249 4816 Arnaldo]
1291 4750 1512 4808 Amado,
1534 4748 1596 4797 B.
2041 4747 2064 4779 ⁸
2098 4747 2407 4815 mandantes]
2459 4750 2770 4812 mandamus,
2813 4750 2984 4803 Hove·

945 4830 967 4862 ²
996 4829 1337 4894 coldingham]
1378 4827 1699 4892 Colingham‚
1720 4826 1782 4877 B.
1975 4829 2089 4877 den.
