3585 5863
470 2682 479 2691 ·
524 2667 747 2710 followed.

860 858 947 919 18
1679 863 1896 915 GESTA
1939 865 2141 914 Rsals

560 1046 668 1090 ΑΒ.
685 1046 801 1092 1187.
864 1045 879 1070 ‘
888 1045 903 1071 ⁸

536 1098 735 1140 October
751 1100 818 1141 29.

527 1163 748 1206 'l'reasure

526 1216 655 1255 must
671 1215 730 1256 be

522 1262 620 1305 laid
636 1275 701 1315 up
717 1264 769 1306 in

526 1313 718 1358 heaven.

865 1129 904 1154 ‘⁸
941 1132 1143 1181 vestra
1177 1122 1521 1195 recepistis:
1580 1121 1724 1192 quia
1775 1138 1892 1175 non
1930 1120 2073 1175 estis
2112 1137 2182 1173 ex
2217 1119 2385 1174 vobis
2423 1138 2532 1175 nec
2571 1119 2885 1191 quicquam
2934 1138 2971 1175 a

942 1040 1372 1103 exterminium,
1402 1038 1507 1094 sed
1531 1038 1591 1092 iu
1617 1036 2138 1101 conversationem,
2166 1034 2240 1090 Ei
2266 1052 2301 1090 a
2325 1034 2453 1104 Quo
2479 1041 2541 1092 et
2563 1048 2668 1092 vos
2695 1038 2754 1091 et
2776 1035 2971 1091 omnia
2993 1042 3237 1137 gfff&

867 1213 905 1238 “
943 1209 1112 1265 vobis
1148 1207 1397 1272 habetis,
1441 1204 1544 1276 qui
1581 1221 1689 1259 nec
1732 1203 1983 1259 culicem
2038 1221 2224 1258 unum
2258 1202 2508 1273 potestis
2563 1204 2755 1259 facere
2793 1221 2970 1275 super

867 1297 905 1322 ‘⁴
943 1300 1180 1348 terram.
1255 1291 1383 1346 Nec
1432 1289 1684 1344 dicimus
1721 1287 2041 1351 dimittere,
2084 1285 2189 1341 sed
2222 1287 2582 1358 praemittere
2619 1288 2684 1341 in
2730 1287 2969 1342 coeleste

868 1378 906 1405 “
944 1377 1242 1441 horreum,
1290 1391 1423 1445 quae
1456 1372 1705 1436 habetis,
1752 1376 1813 1425 et
1848 1371 2121 1442 deponite
2158 1387 2337 1442 super
2370 1371 2545 1435 Eum,
2586 1371 2744 1442 apud
2782 1369 2968 1439 Quem

867 1464 907 1488 “
946 1478 1148 1530 aerugo
1185 1477 1256 1514 ea
1287 1475 1403 1513 non
1457 1455 1774 1510 demolitur
1828 1459 1933 1509 aut
1983 1454 2161 1517 tinea,
2200 1471 2311 1509 nec
2362 1453 2524 1509 fures
2577 1454 2864 1509 effodiunt
2910 1459 2970 1509 ct
2991 1465 3276 1510 amvi.

867 1546 906 1571 “
945 1545 1253 1608 furantur;
1291 1541 1623 1596 laborantes
1675 1537 1750 1593 ad
1803 1537 2270 1609 redemptionem
2305 1542 2481 1592 terrae
2529 1538 2713 1603 illius,
2753 1538 2819 1593 in
2855 1555 2971 1609 qua
3009 1547 3060 1589 .·

2993 1519 3045 1560 80

867 1630 907 1655 “
944 1644 1052 1698 pro
1107 1626 1297 1682 salute
1350 1629 1553 1680 nostra
1587 1621 1829 1678 Veritas
1866 1621 1940 1676 de
1993 1627 2157 1678 terra
2210 1626 2341 1677 orta
2395 1626 2503 1687 est,
2544 1627 2604 1678 et
2657 1638 2765 1694 pro
2799 1623 2968 1679 nobis
2993 1637 3317 1685 Palmml.

866 1711 907 1737 ‘⁴
946 1709 1137 1765 crucis
1174 1707 1506 1782 patibulum
1556 1706 1848 1761 sustinere
1882 1722 1999 1760 non
2047 1704 2331 1775 despexit.
2407 1705 2488 1760 Et
2519 1705 2702 1761 nolite
2739 1705 2815 1762 ad
2861 1707 2972 1762 hoc

867 1795 906 1820 “
944 1796 1180 1849 lucrum
1213 1792 1313 1847 vel
1364 1790 1618 1862 gloriam
1668 1788 2057 1860 temporalem
2108 1788 2427 1855 attendere,
2470 1788 2576 1844 sed
2609 1789 2971 1846 voluntatem

867 1880 905 1903 ‘⁶
945 1877 1056 1932 Dei
1117 1875 1232 1945 Qui
1264 1892 1374 1946 pro
1411 1873 1695 1928 fratribus
1732 1873 1959 1927 animas
2010 1873 2073 1926 in
2111 1871 2321 1943 Seipso
2356 1872 2559 1927 docuit
2593 1889 2721 1929 esse
2758 1891 2973 1945 ponen-

868 1963 907 1988 “
948 1961 1074 2026 das,
1116 1965 1177 2015 et
1211 1959 1287 2013 Ei
1323 1964 1555 2013 vestras
1593 1954 1999 2011 commendate
2037 1955 2294 2019 divitias,
2336 1973 2483 2027 quas
2522 1956 2647 2012 sive
2683 1957 2967 2023 volentes,

867 2046 906 2071 ‘⁴
946 2044 1072 2099 sive
1108 2042 1392 2105 nolentes,
1432 2040 1677 2096 nescitis
1714 2039 1963 2093 tandem
1989 2038 2224 2109 quibus,
2262 2038 2596 2094 haeredibus
2635 2040 2765 2096 sitis
2801 2040 2974 2096 relic-

867 2129 907 2154 “
944 2127 1083 2181 turi.
1172 2126 1309 2181 Non
1342 2120 1461 2179 'est
1510 2123 1786 2195 equidem
1847 2139 2086 2187 novum,
2153 2121 2313 2193 quod
2369 2128 2532 2179 terra
2589 2122 2695 2178 illa
2746 2123 2972 2194 judicio

553 2213 787 2257 fo.124v⁰.
866 2212 906 2238 “

945 2210 1162 2266 Divino
1221 2206 1569 2279 perentitur,
1611 2205 1714 2260 sed
1760 2222 1871 2260 nec
1919 2205 2225 2260 insolitum
2271 2211 2341 2259 ut
2374 2205 2672 2276 flagellata
2706 2211 2767 2261 et
2802 2208 2975 2263 casti·

867 2296 907 2321 “
945 2299 1086 2364 gata
1119 2290 1592 2346 misericordiam
1648 2293 2061 2359 consequatur.
2135 2288 2378 2344 Poterat
2413 2288 2651 2359 quidem
2686 2289 2971 2346 Dominus

868 2378 907 2404 “
946 2378 1073 2432 sola
1127 2393 1259 2430 eam
1311 2373 1615 2429 voluntate
1673 2388 1930 2436 servare,
1986 2370 2092 2427 sed
2140 2389 2258 2427 non
2306 2372 2589 2428 habemus
2644 2373 2719 2427 Ei
2777 2373 2973 2430 dicere

526 2465 623 2507 'l'he
631 2465 838 2518 example
867 2464 881 2489 ‘
891 2464 906 2488 ‘

527 2517 578 2558 ot
589 2516 672 2558 the
688 2516 812 2560 Mae-

525 2616 692 2659 should
709 2618 767 2660 be

944 2479 1051 2517 cur
1085 2460 1172 2515 ita
1206 2458 1451 2523 fecerit3
1498 2456 1690 2512 voluit
1726 2455 1886 2510 enim
1921 2455 2172 2510 forsitan
2208 2456 2483 2527 experiri,
2512 2462 2573 2511 et
2606 2456 2669 2511 in
2703 2458 2972 2512 notitiam

866 2548 905 2573 “
944 2546 1159 2601 ducere
1196 2543 1466 2605 aliorum,
1497 2540 1551 2596 si
1576 2539 1795 2611 aliquis
1834 2539 1915 2594 sit
1937 2539 2275 2609 intelligens
2313 2546 2417 2594 aut
2449 2540 2756 2610 requirens
2780 2541 2973 2597 Deum

865 2630 903 2656 “
944 2628 1047 2699 qui
1083 2626 1347 2682 oblatum
1402 2624 1517 2679 sibi
1553 2622 1917 2695 poenitentiae
1969 2627 2204 2693 tempus
2257 2621 2527 2677 hilariter
2564 2623 2968 2694 amplectatur,

865 2713 904 2739 ‘⁸
942 2716 1005 2766 et
1039 2711 1295 2765 animam
1332 2705 1602 2779 ponendo
1647 2723 1757 2777 pro
1792 2704 2080 2760 fratribus
2117 2712 2557 2761 consummetur
2593 2707 2655 2760 in
2689 2707 2875 2771 brevi,
2915 2710 2976 2761 et
2995 2715 3141 2760 wind.
3158 2716 3302 2761 inis.

866 2797 903 2822 ‘⁶
942 2793 1234 2863 compleat
1266 2796 1534 2861 tempora
1567 2789 1775 2844 multa.
1852 2787 2158 2843 Attendite
2197 2787 2450 2859 qualiter
2472 2788 2818 2854 Machab’aei,
2847 2789 2971 2845 zelo

863 2879 904 2906 “
943 2875 1175 2931 Divinas
1210 2874 1365 2946 legis
1402 2872 1651 2939 accensi,
1693 2888 1800 2944 pro
1836 2872 2124 2928 fratribus
2159 2871 2484 2928 liberandis
2522 2878 2783 2928 extrema
2817 2891 2973 2946 quae·

864 2963 903 2988 “
943 2977 1057 3031 que
1093 2957 1358 3029 pericula
1406 2957 1526 3012 sint
1574 2955 1820 3026 experti,
1863 2961 1923 3010 et
1970 2973 2090 3011 non
2134 2955 2327 3010 solum
2366 2956 2720 3012 substantias
2760 2958 2865 3013 sed
2913 2964 2975 3013 et

865 3046 905 3072 “
942 3059 1222 3114 personas
1251 3057 1359 3111 pro
1384 3040 1634 3094 fratrum
1659 3039 1972 3096 docuerint
2008 3039 2197 3095 salute
2232 3040 2551 3111 ponendas,
2580 3045 2640 3095 et
2672 3041 2972 3097 hortantes

866 3129 906 3155 “
946 3126 1171 3196 seipsos
1196 3129 1373 3194 atque
1398 3122 1681 3188 dicentes,
1713 3124 1728 3150 ‘
1748 3122 2170 3193 Accingimini,
2202 3129 2264 3178 et
2299 3129 2488 3179 estote
2524 3123 2635 3178 filii
2668 3131 2971 3195 potentes;
2997 3139 3269 3185 lumin.

868 3212 907 3237 ‘⁶
951 3211 966 3235 ‘
994 3207 1270 3278 quoniam
1291 3205 1505 3261 melius
1543 3210 1635 3261 est
1668 3207 1820 3260 mori
1856 3207 1919 3260 in
1951 3206 2108 3261 bello
2148 3224 2325 3278 quam
2346 3208 2549 3262 videre
2587 3208 2745 3263 mala
2779 3210 2974 3281 gentis

2998 3194 3064 3236 ³8.

869 3295 909 3321 “
951 3295 966 3320 ‘
992 3296 1208 3346 nostrae
1245 3296 1307 3346 et
1341 3290 1719 3345 sanctorum.’
1790 3290 1871 3344 Et
1907 3290 2149 3361 quidem
2201 3289 2295 3344 illi
2350 3291 2462 3346 sub
2509 3309 2628 3345 una
2662 3293 2973 3348 constituti

869 3377 909 3404 “
946 3375 1082 3446 lege
1132 3376 1416 3438 fecerunt,
1467 3390 1572 3429 vos
1624 3390 1732 3445 per
1782 3373 2257 3429 Incarnationem
2309 3373 2549 3429 Domini
2600 3376 2786 3430 nostri
2825 3376 2865 3430 J
2868 3393 2973 3432 esu

869 3461 909 3489 “
945 3458 1187 3524 Christi,
1227 3458 1303 3512 ad
1336 3459 1530 3514 lucem
1565 3457 1834 3513 veritatis
1889 3457 2147 3522 adducti,
2188 3463 2249 3512 et
2301 3458 2508 3513 multis
2564 3459 2847 3532 exemplis
2883 3461 2971 3514 in-

869 3544 908 3571 “
948 3542 1160 3597 structi
1195 3547 1548 3604 sanctorum,
1590 3541 1715 3597 sine
1754 3540 2147 3612 trepidatione
2199 3541 2404 3611 aliqua
2453 3541 2705 3607 faciatis,
2749 3549 2809 3598 et
2854 3561 2972 3599 non

867 3628 907 3654 “
944 3625 1201 3682 timeatis
1253 3625 1393 3680 dare
1440 3631 1676 3682 terrena
1723 3630 1784 3679 et
1832 3641 2021 3695 pauca
2069 3629 2128 3678 et
2172 3624 2436 3679 breviter
2488 3624 2791 3690 duratura,
2846 3627 2973 3698 qui-

865 3712 904 3739 “
941 3710 1053 3765 bus
1100 3709 1206 3764 illa
1252 3709 1404 3765 bona
1457 3708 1750 3780 promissa
1801 3712 1939 3762 sunt
1992 3713 2054 3763 et
2094 3707 2374 3778 reposita,
2418 3710 2584 3778 ‘quse
2618 3726 2728 3765 nee
2765 3710 2970 3765 oculus
2996 3725 3272 3773 lonasto.

865 3795 905 3820 “
947 3795 963 3820 ‘
987 3792 1144 3849 vidit
1190 3808 1298 3846 nec
1348 3792 1509 3846 auris
1561 3790 1808 3855 audivit,
1849 3807 1957 3844 nec
1994 3790 2058 3845 in
2092 3807 2193 3846 cor
2228 3790 2484 3846 hominis
2521 3792 2911 3849 ascenderunt
2931 3793 2968 3861 ;'

866 3878 905 3904 ‘⁴
944 3882 1005 3932 et
1064 3875 1277 3947 quibus
1326 3874 1473 3929 dicit
1531 3873 1833 3945 apostolus
1882 3874 2040 3945 quod
2095 3876 2245 3930 ‘non
2302 3878 2442 3930 sunt
2487 3876 2793 3947 condignae
2841 3895 2972 3950 pas-
2995 3886 3250 3935 mviii.

867 3961 906 3988 ‘⁶
948 3961 964 3986 ⁴
992 3959 1184 4015 siones
1219 3957 1399 4027 hujus
1437 3958 1719 4029 temporis
1756 3956 1833 4011 ad
1857 3957 2120 4013 futuram
2153 3957 2407 4029 gloriam
2444 3975 2575 4030 quae
2611 3960 2972 4023 revelabitur

867 4044 906 4070 ‘⁶
949 4043 1051 4096 ‘in
1109 4040 1321 4096 nobis.’
1410 4039 1515 4095 Eis
1575 4045 1772 4094 autem
1835 4040 1938 4111 qui
1999 4040 2174 4096 corde
2234 4040 2484 4097 contrito
2545 4047 2606 4097 et
2662 4042 2972 4099 humiliato

868 4129 906 4155 ‘⁶
945 4126 1179 4198 spiritu,
1232 4122 1465 4179 itineris
1517 4122 1697 4194 hujus
1748 4122 2013 4178 laborem
2068 4124 2516 4196 assumpserint,
2561 4130 2623 4180 et
2674 4127 2740 4181 in
2787 4127 2971 4199 poeni-

526 4044 724 4099 Plenary

527 4096 658 4140 indul
750 4108 802 4141 ee

526 4147 622 4207 angl
634 4159 666 4207 ρ
690 4147 772 4191 her

528 4198 772 4299 {afflinem
868 4213 906 4239 u

2993 3942 3060 3983 18.

943 4210 1131 4266 tentia
1187 4213 1562 4279 peccatorum
1621 4206 1986 4263 decesserint
2044 4213 2107 4263 et
2163 4208 2228 4263 in
2287 4208 2402 4263 fide
2461 4212 2659 4275 reeta3
2735 4210 2971 4281 plenam

868 4295 907 4323 “
947 4292 1261 4349 criminum
1298 4308 1541 4347 suorum
1591 4289 2024 4361 indulgentiam
2077 4296 2139 4346 et
2171 4290 2357 4347 vitam
2405 4291 2757 4362 pollicemur
2804 4298 2970 4349 aeter-

868 4380 907 4405 “
944 4393 1099 4431 nam.
1196 4374 1337 4430 Sive
1391 4379 1587 4429 autem
1639 4373 2089 4445 supervixerint,
2149 4374 2275 4430 sive
2329 4374 2548 4429 mortui
2598 4373 2836 4440 fuerint,
2894 4375 2969 4430 de

868 4461 907 4489 “
946 4459 1215 4515 omnibus
1253 4458 1509 4530 peccatis
1547 4457 1691 4521 suis,
1733 4457 1807 4512 de
1845 4457 2062 4529 quibus
2098 4464 2322 4513 rectam
2358 4458 2781 4513 confessionem
2818 4459 2969 4514 feee-

867 4545 907 4571 “
945 4544 1085 4607 rint,
1127 4541 1419 4613 impositas
1470 4541 1889 4597 satisfactionis
1940 4541 2362 4597 relaxationem
2408 4540 2482 4596 de
2537 4540 2967 4613 omnipotentis

867 4629 905 4654 ‘⁶
944 4625 1349 4681 misericordia
1396 4628 1455 4679 et
1491 4625 1887 4698 apostolorum
1925 4625 2090 4680 Petri
2127 4631 2188 4680 et
2222 4625 2415 4690 Pauli,
2456 4625 2802 4681 auctoritate
2838 4644 2970 4682 nos-

865 4713 904 4739 “
942 4715 1038 4765 tra
1070 4710 1343 4765 noverint
1363 4709 1687 4765 habituros.
1750 4710 1918 4765 Bona
1942 4727 2174 4780 quoque
2209 4709 2474 4780 ipsorum
2498 4726 2570 4763 ex
2595 4726 2711 4780 quo
2732 4726 2969 4765 crucem

867 4795 905 4821 “
945 4793 1329 4863 susceperint,
1357 4809 1491 4848 eum
1528 4792 1653 4849 suis
1690 4793 1946 4856 famulis,
1976 4793 2087 4849 sub
2123 4800 2340 4849 sanctoe
2366 4792 2643 4848 Romame
2680 4792 2967 4858 ecelesiae,
