3585 5863
233 1003 475 1104 iim?

1327 828 1618 877 nsnmcI
1666 827 1987 878 summm.
2599 812 2685 876 53

579 997 619 1026 “
658 998 815 1070 quod
849 1000 1007 1058 infra
1040 1003 1152 1058 hoc
1187 1001 1510 1059 triennium
1542 1019 1663 1057 una
1696 1019 1835 1073 pars
1859 1002 2186 1056 Tui-corum
2208 999 2410 1071 gladio
2443 997 2679 1072 peribit,
2744 1003 2856 1051 ΛΔ).
2874 1009 2991 1052 uss,

577 1085 618 1110 “
654 1083 844 1140 altera
875 1085 1069 1158 fugiet
1102 1088 1260 1143 ultra
1293 1087 1561 1142 arborem
1598 1086 1846 1152 siccam3
1885 1085 2064 1142 tertia
2095 1102 2239 1140 vero
2271 1083 2683 1157 baptizabitur.
2708 1066 2999 1123 mmm

650 1169 690 1194 “
718 1168 952 1226 Scimus
989 1177 1188 1227 autem
1225 1171 1383 1243 quod
1425 1160 1742 1227 Saladinus
1794 1169 2025 1225 nullum
2074 1169 2401 1224 Tuscorum
2458 1166 2687 1222 invenit

578 1252 619 1277 “
658 1252 761 1322 qui
809 1254 1023 1310 audeat
1079 1255 1369 1315 aedificare
1419 1255 1482 1309 in
1535 1255 1719 1310 Terra
1770 1252 2209 1317 Promissionis,
2247 1252 2347 1309 vel
2400 1251 2690 1307 familiam

578 1338 617 1362 “
657 1354 825 1392 suam
857 1338 1156 1405 inducere,
1183 1357 1291 1412 pro
1313 1340 1525 1397 timore
1545 1340 1911 1395 venientium
1934 1339 2310 1393 Francorum.
2372 1335 2485 1390 Die
2510 1353 2652 1390 vero
2671 1328 2689 1362 ¹

580 1422 617 1446 “
657 1439 774 1492 qua
806 1421 961 1478 lator
993 1425 1376 1496 praesentium
1410 1424 1657 1479 recessit
1706 1422 1781 1479 de
1836 1420 2360 1492 Constantinopoli,
2399 1424 2687 1476 venerunt

580 1509 617 1534 ‘⁶
656 1510 804 1565 certi
836 1513 1040 1567 nuncii
1076 1513 1235 1585 quod
1269 1513 1563 1569 exercitus
1601 1510 1866 1567 Saladini
1902 1510 2201 1567 confectus
2255 1515 2351 1565 est
2399 1516 2533 1565 ante
2564 1508 2685 1565 An-
2707 1517 2954 1613 my?

578 1594 617 1618 “
655 1593 949 1660 tioohiam,
987 1603 1051 1652 et
1084 1597 1243 1670 capti
1295 1603 1434 1653 sunt
1485 1596 1669 1652 frater
1706 1594 1973 1653 Saladini
2008 1601 2070 1651 et
2120 1593 2281 1650 filius
2317 1593 2466 1665 ejus.
2542 1594 2687 1666 Ipsa
2707 1619 2877 1665 derat.
2910 1582 2934 1614 ⁸

577 1677 617 1702 “
654 1682 852 1733 autem
886 1678 981 1735 die
1019 1699 1137 1753 qua
1168 1681 1321 1737 lator
1342 1681 1722 1753 praesentium
1756 1680 2020 1745 recessit,
2048 1679 2331 1751 proecepit
2363 1679 2686 1751 imperator

577 1761 617 1786 ‘⁴
655 1761 948 1818 eliminari
1001 1782 1202 1821 omnes
1238 1765 1477 1821 Latinos
1534 1765 1610 1820 ab
1659 1765 1820 1820 omni
1856 1764 2105 1835 imperio
2158 1781 2284 1819 suo.
2353 1762 2435 1818 Et
2482 1763 2685 1819 sciatis

579 1846 617 1870 ‘⁴
658 1845 815 1916 quod
861 1865 967 1919 per
1018 1848 1133 1904 Dei
1167 1850 1440 1921 gratiam,
1480 1850 1554 1905 de
1607 1855 1767 1904 terra
1814 1847 2002 1904 Iconii
2058 1853 2197 1903 sunt
2243 1846 2380 1903 boni
2430 1847 2685 1903 Erminii

578 1929 618 1954 ‘⁴
655 1929 926 1985 centum²
958 1932 1165 1997 millia,
1206 1937 1266 1989 et
1298 1934 1514 2004 viginti
1552 1932 1813 2005 quinque
1864 1931 2156 1998 admirati,
2196 1931 2389 2004 parati
2423 1931 2511 1986 ire
2547 1948 2684 1985 cum

575 2014 619 2039 ‘⁶
655 2012 900 2070 Francis
952 2016 1029 2071 ad
1081 2016 1476 2073 defensionem
1527 2017 2013 2083 Christianitatis,
2067 2022 2128 2072 et
2182 2015 2574 2072 defensionem
2623 2022 2687 2073 et

580 2097 621 2122 “
658 2096 1063 2155 liberationem
1117 2106 1313 2167 terrae,
1354 2100 1416 2157 in
1459 2119 1576 2175 qua
1624 2108 1801 2159 natus
1857 2108 1918 2158 et
1964 2106 2232 2157 mortuus
2268 2106 2362 2156 est
2395 2100 2682 2156 Dominus

579 2181 619 2206 “
658 2179 836 2236 Jesus
873 2182 1209 2240 Christus-'⁵

661 2280 790 2347 His
862 2285 1112 2350 auditis
1187 2286 1564 2353 Christiana
1642 2285 1827 2373 plebs
1901 2285 2259 2372 plurimum
2332 2285 2680 2372 gaudebat,
2702 2300 2907 2397 m

575 2383 879 2449 fiduciam
927 2385 1177 2453 habens
1220 2388 1295 2453 in
1340 2387 1625 2454 Domino
1688 2387 1866 2473 quod
1928 2391 2188 2453 avertet
2252 2386 2420 2452 iram
2465 2393 2535 2453 et
2577 2388 2678 2452 in-
2705 2402 2897 2446 Iaondon
2910 2365 2991 2448 ¹im·

576 2485 1032 2572 dignationem
1077 2489 1282 2557 Suam
1345 2490 1430 2555 ab
1495 2490 1606 2557 eis,
1698 2489 1937 2555 Fiebat
2006 2494 2229 2554 autem
2291 2490 2433 2555 sine
2476 2490 2683 2555 inter·
2704 2506 2951 2598 ffioagfm

574 2588 885 2655 missione
929 2593 1143 2657 oratio
1188 2593 1272 2658 ab
1318 2591 1587 2658 ecclesia
1651 2591 1738 2659 ad
1802 2591 2020 2657 Deum
2063 2613 2183 2678 pro
2227 2612 2403 2677 pace,
2449 2597 2520 2657 et
2563 2614 2685 2678 pro
2939 2583 2953 2599 ’

572 2689 1050 2759 deliberatione
1093 2699 1291 2761 terrae
1335 2694 1724 2773 Jerusalem,
1772 2697 1844 2759 et
1888 2693 2418 2760 Christianorum
2479 2694 2687 2780 capti-

572 2813 808 2858 vorum
853 2796 972 2882 qui
1014 2796 1088 2862 in
1132 2796 1416 2863 vinculis
1445 2796 1922 2863 Saracenorum
1968 2796 2455 2862 detinebantur.
2532 2795 2684 2861 Fie-

571 2894 691 2961 bat
735 2902 961 2964 autem
1005 2898 1285 2988 singulis
1328 2899 1558 2965 diebus
1602 2898 1676 2963 in
1706 2898 1977 2967 ecclesia
2006 2898 2199 2964 Beati
2231 2898 2413 2964 Petri
2429 2894 2458 2936 ⁸
2501 2898 2683 2985 apud

570 2998 992 3080 Lundonias3
1037 3002 1218 3068 dieto
1263 3026 1304 3067 a
1347 3004 1698 3082 sacerdote,
1733 3007 1771 3037 “
1803 3002 1946 3067 Pax
1975 3001 2250 3068 Domini
2292 3002 2385 3066 sit
2430 3022 2685 3088 semper

570 3109 610 3135 “
653 3101 1056 3184 vobiscum,'’
1099 3109 1457 3190 antequam
1519 3111 1555 3139 “
1585 3104 1824 3190 Agnus
1887 3105 2016 3171 Dei
2037 3101 2076 3130 ’'
2120 3104 2538 3191 inciperetur,
2580 3125 2684 3169 sa-

566 3204 791 3269 cerdos
819 3204 931 3271 vel
976 3212 1209 3272 cantor
1251 3206 1506 3293 incepit
1568 3206 2009 3292 antiphonam
2054 3207 2271 3284 istam,
2323 3211 2342 3242 ‘
2380 3204 2522 3271 Tua
2581 3213 2684 3272 est

566 3315 602 3340 “
646 3309 961 3392 potentia,
1006 3307 1226 3374 Tuum
1269 3330 1569 3396 regnum,
1617 3307 1922 3387 Domine,
1967 3308 2069 3372 Tu
2116 3331 2185 3374 es
2229 3330 2426 3395 super
2454 3330 2683 3374 omnes

568 3415 604 3444 “
645 3415 877 3494 gentes
904 3409 971 3490 ;''
1015 3415 1053 3446 “
1076 3410 1165 3476 da
1205 3432 1432 3497 pacem
1478 3411 1553 3475 in
1597 3411 1835 3477 diebus
1900 3410 2228 3487 nostris;”
2274 3411 2349 3474 in
2393 3411 2499 3476 die
2546 3410 2683 3476 Do-

566 3511 811 3576 minica
853 3533 1002 3577 cum
1047 3512 1181 3578 isto
1225 3514 1500 3601 psalm0,
1548 3522 1580 3549 “
1614 3513 1835 3593 Quare
1894 3512 2306 3576 fremuerunt
2350 3517 2582 3598 gentes
2609 3512 2682 3577 3'’

566 3617 636 3677 et
679 3614 754 3678 in
797 3614 905 3680 die
970 3614 1181 3682 Lunae
1248 3638 1398 3682 cum
1443 3616 1578 3681 isto
1642 3615 1915 3702 psalm0,
1965 3621 2001 3649 “
2031 3613 2228 3692 Deus,
2272 3613 2349 3677 in
2393 3614 2681 3680 Nomine

565 3722 598 3750 “
646 3714 789 3779 Tuo
816 3713 882 3797 ;”
926 3722 995 3782 et
1038 3718 1114 3783 in
1159 3717 1267 3783 die
1315 3718 1557 3783 Martis
1620 3738 1768 3782 cum
1814 3716 1964 3794 isto,
1998 3723 2035 3750 “
2059 3715 2241 3781 Deus
2285 3713 2590 3801 repulisti
2619 3715 2678 3795 ;''

565 3821 636 3881 et
679 3817 753 3882 in
797 3818 908 3884 die
952 3819 1262 3886 Mercurii
1307 3842 1456 3885 cum
1500 3820 1650 3900 isto,
1684 3824 1723 3854 “
1749 3818 1853 3884 Ut
1884 3817 2045 3904 quid
2073 3816 2253 3883 Deus
2284 3816 2587 3903 repulisti
2608 3814 2677 3883 T’

565 3922 635 3984 et
695 3919 771 3983 in
838 3919 948 3985 die
991 3922 1038 3986 J
1041 3922 1204 4002 ovis,
1253 3930 1284 3957 ‘⁴
1316 3922 1514 3998 Dem,
1560 3925 1895 3986 venerunt
1938 3926 2171 4007 gentes
2200 3918 2259 3999 ;'’
2305 3924 2375 3985 et
2434 3920 2510 3985 in
2571 3918 2677 3985 die

567 4021 858 4102 Veneria,
910 4030 944 4058 “
962 4024 1161 4105 Deus,
1194 4025 1343 4110 quis
1387 4023 1624 4089 similis
1668 4023 1799 4089 erit
1844 4022 1997 4087 Tibi
2024 4021 2086 4105 ;''
2131 4028 2202 4089 et
2243 4023 2317 4087 in
2361 4022 2468 4087 die
2512 4021 2677 4088 Sab-

568 4123 711 4190 bati
787 4146 935 4190 cum
1008 4126 1139 4192 isto
1225 4126 1495 4213 psalmO,
1573 4135 1610 4161 “
1634 4126 1814 4192 Deus
1888 4126 2220 4191 ultionum
2296 4123 2677 4190 Dominu8.''

568 4226 782 4292 Dictis
826 4229 1076 4314 psalmo
1122 4234 1191 4296 et
1235 4229 1601 4316 antiphona
1651 4228 1983 4316 praediota,
2056 4228 2356 4312 sequitur
2406 4235 2438 4261 “
2472 4226 2676 4312 Kyri-

571 4335 608 4363 “
653 4330 891 4395 eleison
919 4331 982 4410 ;''
1075 4340 1109 4367 “
1128 4331 1598 4398 Christeleison
1622 4330 1686 4412 ;’'
1757 4338 1797 4366 “
1822 4330 2243 4416 Kyrieleison
2266 4328 2331 4409 ;'’
2409 4336 2447 4363 “
2478 4329 2677 4394 Pater

569 4436 606 4466 “
652 4432 961 4515 noster;”
1035 4442 1072 4469 ‘⁶
1105 4434 1198 4500 Et
1241 4456 1326 4499 ue
1394 4455 1515 4498 nos
1581 4432 1859 4498 inducas
1883 4430 1954 4514 ;'’
2032 4439 2071 4466 “
2104 4431 2398 4497 Ostende
2466 4429 2678 4507 nobis,

2705 2452 2787 2496 the
2804 2453 2993 2499 deliver-

1055 4609 1086 4613 -
1109 4609 1132 4613 h-
1169 4609 1188 4613 -
1205 4609 1242 4613 ι-
1291 4609 1308 4613 -
1441 4607 1524 4613 ----
1573 4608 1714 4613 --βῗ
1765 4607 1815 4612 -—
1830 4605 2031 4612 *ss—.-

639 4699 649 4730 ¹
685 4699 784 4751 Die
809 4702 947 4766 vero]
977 4702 1073 4752 Die
1094 4702 1359 4762 dominica,
1377 4693 1576 4752 Dideto.
1738 4703 1759 4732 ³³
1802 4702 1967 4766 Petri]
2009 4701 2174 4763 Pauli,
2199 4701 2461 4752 Hoveden.

635 4779 655 4810 2
690 4781 912 4844 centum]
948 4782 1186 4844 euinque,
1209 4781 1406 4832 Diceto.
