3585 5863
1548 862 1849 912 nnmucr
1892 863 2211 915 snctmm.
2838 852 2929 915 61¹

829 1031 1285 1100 transmarinis
1331 1034 1632 1119 partibus
1676 1039 1950 1123 propter
1992 1034 2449 1101 infestationes
2494 1056 2656 1121 quas
2703 1034 2928 1101 Ricar-
2984 1046 3094 1092 an.
3110 1047 3233 1092 118⁸·

829 1136 958 1200 dus
985 1156 1200 1200 comes
1228 1133 1566 1215 Pictaviae,
1593 1135 1774 1202 filius
1805 1137 1964 1222 ejus,
1998 1142 2068 1203 et
2097 1137 2450 1225 Philippus
2480 1159 2600 1203 rex
2630 1137 2927 1206 Franciae
2952 1109 3152 1216 ffiffim
3168 1113 3217 1156 ¹¹¹

830 1237 893 1302 ei
935 1238 1283 1303 faciebant.
1378 1237 1539 1304 Fuit
1582 1238 1758 1319 enim
1788 1239 1898 1306 die
1928 1239 1993 1303 N
1997 1239 2333 1305 ativitatis
2363 1240 2747 1320 Dominicae,
2777 1263 2927 1328 quae

829 1341 937 1406 die
981 1339 1329 1406 Dominica
1372 1341 1616 1421 evenit,
1662 1342 1736 1406 in
1778 1341 2177 1428 Andegavia
2217 1342 2396 1430 apud
2439 1342 2796 1409 Saufurin:
2858 1346 2929 1409 et

829 1442 1146 1510 sollemne
1175 1442 1419 1509 festum
1464 1442 1562 1508 ibi
1590 1443 1852 1534 tenuit;
1896 1444 2051 1510 licet
2081 1444 2501 1531 quamplures
2545 1445 2627 1511 de
2671 1446 2928 1514 comiti·

826 1545 952 1613 bus
996 1551 1066 1612 et
1107 1543 1465 1610 baronibus
1510 1544 1646 1610 suis
1692 1565 1846 1611 eum
1889 1544 2329 1634 reliquissent,
2359 1551 2429 1612 et
2461 1547 2743 1614 Ricardo
2786 1548 2929 1613 filio

827 1670 946 1714 suo
991 1654 1061 1714 et
1106 1646 1249 1733 regi
1293 1645 1351 1712 F
1351 1646 1593 1713 ranciae
1636 1646 2083 1714 adhaesissent.

919 1750 1084 1815 Post
1147 1749 1392 1815 festum
1453 1771 1612 1816 vero
1680 1748 1910 1815 Sancti
1956 1749 2243 1836 Hylarii,
2289 1750 2606 1839 disruptis
2673 1753 2927 1839 treugis
2986 1768 3232 1863 afflm.

828 1874 976 1939 quae
1020 1855 1212 1917 erant
1257 1851 1436 1917 inter
1477 1872 1695 1938 regem
1741 1850 2008 1939 Angliae
2052 1856 2123 1918 et
2164 1873 2384 1939 regem
2430 1852 2749 1934 Franciae,
2787 1855 2926 1940 ipse
3012 1870 3119 1914 san.
3136 1875 3200 1914 13.

825 1977 944 2020 rex
1013 1953 1312 2020 Franciae
1375 1957 1446 2020 et
1492 1975 1705 2021 comes
1751 1953 1989 2020 Ricard
1997 1976 2074 2020 us
2140 1954 2472 2034 Pictaviae,
2517 1957 2930 2044 congregatis
2951 1937 3216 2032 ffl'gfiffiud

825 2056 1225 2123 exercitibus
1267 2055 1422 2133 suia
1464 2055 1892 2123 intraverunt
1936 2057 2011 2121 in
2054 2062 2265 2124 terras
2324 2058 2499 2145 regis
2549 2059 2812 2145 Angliae
2857 2065 2926 2124 et
2950 2039 3213 2133 {ssfftgriffi

823 2159 1263 2226 devastabat
1305 2181 1416 2225 eas
1457 2159 1531 2224 in
1575 2164 1899 2246 quantum
1941 2163 2270 2246 poterant.
2362 2159 2493 2226 Sed
2524 2166 2592 2227 et
2623 2161 2928 2227 Britones
2951 2142 3004 2183 ⁰¹
3017 2141 3191 2193 ³⁶³³·

827 2262 1120 2353 [relicto]
1197 2283 1351 2348 rege
1425 2260 1709 2347 Angliae,
1782 2260 2194 2327 adhaerentes
2278 2262 2421 2349 regi
2501 2263 2796 2331 Francius
2856 2269 2928 2330 et

826 2365 1056 2431 comiti
1099 2363 1401 2445 Ricardo‚
1447 2363 1855 2430 infestabant
1899 2386 2051 2429 eum
2096 2386 2213 2451 pro
2258 2386 2448 2451 posse
2493 2387 2627 2433 suo,

920 2467 1220 2534 Clemens
1281 2471 1506 2531 autem
1567 2488 1757 2554 papa,
1805 2467 2140 2540 admirans
2186 2466 2365 2552 quod
2428 2489 2564 2554 pax
2628 2467 2924 2533 nondum
2951 2486 3261 2533 clemontm.

823 2570 1012 2636 fieret
1054 2569 1233 2635 inter
1276 2590 1462 2655 reges
1505 2569 1874 2655 praedictOS,
1906 2568 2090 2633 misit
2133 2568 2181 2634 J
2184 2568 2551 2634 ohannem¹
2585 2569 2669 2634 de
2700 2569 2925 2656 Anag-
2948 2537 3229 2641 iinffinfflin

824 2675 939 2737 nio
982 2670 1383 2738 cardinalem
1428 2692 1579 2737 cum
1622 2671 1822 2758 plena
1865 2675 2215 2758 potestate,
2247 2672 2334 2737 ad
2378 2670 2569 2737 litem
2615 2672 2926 2739 dirimen·
2950 2642 3001 2681 ¹⁵⁰
3017 2641 3201 2684 emm

824 2776 976 2840 dam
1021 2775 1198 2840 inter
1240 2795 1364 2840 eos.
1458 2772 1592 2854 Qui
1636 2794 1786 2839 cum
1833 2773 2124 2839 venisset
2166 2772 2255 2839 ad
2300 2794 2426 2851 eos,
2459 2779 2529 2839 et
2571 2773 2719 2839 illos
2748 2796 2926 2840 nunc
2952 2745 3222 2844 Ηὲιῗῗὲηᾱ

822 2876 1068 2966 asperis
1112 2898 1289 2943 nunc
1333 2874 1598 2942 blandis
1662 2875 1778 2941 ad·
1814 2897 2043 2964 paoem
2103 2874 2284 2942 inter
2348 2875 2501 2943 illos
2558 2875 2925 2943 faciendam
2950 2840 3120 2895 Phsssp'

825 2980 1303 3060 commovisset,
1347 2979 1478 3067 ipsi
1520 3000 1723 3066 reges,
1772 2978 2025 3045 Divina
2063 2978 2436 3066 inspirante
2495 2980 2731 3068 gratia,
2778 3002 2927 3045 cau-

825 3084 1073 3149 tionem
1116 3081 1577 3169 praestiterunt
1620 3080 1850 3146 standi
1885 3080 2141 3168 judicio
2185 3081 2487 3167 praedicti
2552 3082 2924 3159 cardinalis,

826 3190 895 3252 et
938 3184 1193 3250 domini
1241 3182 1601 3263 Remensis,
1648 3189 1717 3249 et
1764 3182 2013 3248 domini
2063 3184 2512 3263 Bituricensis,
2556 3192 2628 3251 et
2672 3185 2923 3251 domini

829 3287 1380 3374 Rothomagensis
1437 3291 1508 3351 et
1553 3286 1809 3351 domini
1857 3286 2356 3352 Cantuariensis
2415 3286 2924 3375 archiepiscopo·-

827 3413 972 3457 rum
1009 3416 1026 3470 ;
1097 3390 1199 3455 ita
1247 3387 1486 3476 [quod]
1533 3389 1591 3454 si
1636 3389 1785 3474 quis
1852 3387 2318 3475 praedictorum
2387 3410 2616 3476 regum
2671 3390 2923 3475 judicio

827 3492 1181 3559 eorundem
1226 3498 1401 3558 stare
1444 3490 1749 3568 noluerit,
1795 3511 1922 3576 quo
1967 3490 2187 3556 minus
2228 3511 2364 3576 pax
2420 3490 2601 3556 inter
2659 3513 2768 3557 eos
2827 3513 2927 3556 re·

827 3595 1221 3661 formaretur
1264 3598 1336 3659 et
1377 3595 1509 3659 iter
1536 3593 1584 3659 J
1588 3592 2098 3658 erosolimitanae
2132 3590 2611 3678 [profectionis]
2658 3593 2929 3681 expedi-

827 3703 1053 3778 retur-3
1092 3696 1166 3761 in
1211 3717 1363 3761 eum
1407 3700 1729 3781 tanquam
1782 3694 1857 3758 in
1903 3693 2268 3760 Dominicae
2313 3714 2389 3759 ac
2432 3693 2713 3760 vivificae
2759 3694 2925 3760 Cru-

826 3800 934 3877 ciS,
994 3803 1064 3865 et
1123 3799 1332 3874 totius
1380 3797 1777 3865 Christianae
1821 3796 2161 3883 religionis
2218 3796 2579 3874 inimicum,
2625 3817 2711 3861 ex
2771 3818 2921 3862 auc-

825 3902 1097 3967 toritate
1171 3899 1423 3966 domini
1497 3920 1685 3986 papae
1758 3899 2156 3964 sententiam
2230 3897 2925 3964 excommunicationis

825 4003 1311 4096 promulgarem
1350 4009 1425 4067 et
1467 4001 1697 4068 statim
1741 4001 2097 4090 praedictus
2139 3997 2488 4067 cardinalis
2529 4001 2928 4068 sententiam

827 4108 1268 4174 anathematis
1310 4105 1547 4173 tulerit
1587 4105 1662 4169 in
1707 4127 1951 4185 omnes,
1984 4109 2123 4169 tam
2169 4103 2437 4169 clericos
2464 4125 2662 4189 quam
2704 4103 2925 4181 laicos,

827 4231 943 4296 per
1004 4231 1168 4297 quos
1232 4213 1442 4275 staret
1487 4206 1841 4293 quominus
1901 4227 2037 4293 pax
2097 4206 2286 4271 fieret
2346 4206 2522 4272 inter
2579 4205 2928 4292 praedictos

828 4331 1007 4399 reges
1043 4338 1060 4393 ;
1137 4311 1430 4399 exceptis
1503 4310 1797 4397 personis
1871 4306 2228 4375 eorundem
2303 4329 2534 4394 regum
2624 4313 2925 4374 tantum-

829 4414 1034 4480 modo.

917 4516 1200 4582 Interim
1263 4514 1644 4581 Fredericus
1711 4513 2165 4580 Romanorum
2238 4512 2615 4601 imperator,
2681 4515 2927 4600 magno

959 4792 976 4825 ¹
1010 4793 1153 4888 John
1176 4793 1258 4845 dei
1282 4793 1434 4844 Conti
1456 4792 1510 4844 di
1534 4792 1691 4856 Segni
1713 4793 1777 4842 of
1790 4792 2019 4858 Anagni‚
2040 4791 2269 4842 cardinal
2289 4790 2447 4855 prient
2466 4790 2530 4843 of
2547 4791 2600 4845 S.
2621 4789 2790 4841 Mark.
