3585 5863
931 903 1060 975 1⁸74
1752 916 1965 974 essm
2009 918 2210 970 mzffls

627 1113 739 1160 Aa).
755 1117 872 1160 1191.
930 1098 1016 1164 ad
1063 1119 1399 1164 murorum
1444 1095 1887 1162 defensionem
1933 1094 2224 1174 stabant,
2270 1114 2391 1160 nec
2433 1095 2507 1158 in
2551 1114 2721 1173 eum,
2768 1113 2890 1160 nec
2960 1096 3031 1162 in
3051 1103 3258 1210 ggvgdffi·

594 1234 766 1277 Μὴ
819 1197 829 1210 ’
931 1224 1081 1268 suos
1147 1201 1254 1267 vel
1315 1201 1600 1287 lapidem
1664 1200 2023 1278 miserunt;
2089 1198 2202 1264 sed
2246 1198 2563 1264 vexfflum
2626 1198 2784 1285 ejuS,
2853 1201 3032 1287 quod

928 1306 1068 1391 ipse
1110 1303 1242 1370 illis
1286 1304 1358 1368 in
1402 1303 1665 1390 signum
1710 1301 1977 1368 foederis
1996 1301 2283 1379 dederat,
2308 1300 2384 1368 in
2427 1301 2726 1381 sublime,
2774 1304 3029 1370 cunctis

929 1407 1311 1474 videntibus
1356 1417 1422 1474 et
1465 1406 1752 1472 multum
1789 1404 2291 1485 admirantibus,
2338 1408 2718 1473 tenuerunt.

661 1526 833 1620 Ju1543
856 1579 908 1622 or
1019 1511 1106 1580 In
1171 1512 1456 1578 crastino
1502 1510 1799 1576 Mestoch
1865 1513 1935 1573 et
2000 1508 2369 1586 Karracois,
2433 1509 2762 1597 principes
2831 1533 3029 1598 paga-
3048 1515 3258 1612 m

593 1628 893 1692 summer.-
927 1638 1162 1681 norum
1209 1617 1324 1703 qui
1369 1618 1560 1680 erant
1600 1614 1675 1678 in
1719 1613 1997 1678 civitate
2043 1611 2254 1688 Acrae,
2298 1618 2630 1678 venerunt
2691 1614 2781 1679 ad
2847 1636 3028 1702 reges
3180 1599 3190 1610 ⁸

929 1721 1224 1787 Franciae
1270 1725 1340 1785 et
1383 1717 1669 1806 Angliae,
1716 1721 1784 1782 et
1830 1716 2073 1781 iterum
2116 1714 2504 1782 obtulerunt
2549 1716 2645 1782 eis
2690 1717 3024 1784 civitatem

927 1825 1133 1901 Acrae,
1181 1830 1248 1889 et
1293 1844 1475 1888 arma
1519 1842 1656 1901 sua,
1699 1824 1768 1885 et
1799 1822 2017 1884 totum
2065 1839 2301 1883 aurum
2345 1823 2415 1884 et
2457 1823 2809 1905 argentum
2854 1821 3024 1907 quod

926 1930 1001 1994 in
1046 1929 1317 1994 civitate
1379 1925 1717 1991 habebant
1759 1922 1890 2009 ipsi
1952 1926 2021 1987 et
2083 1921 2200 1987 alii
2263 1924 2523 2010 pagani,
2567 1946 2689 2010 pro
2756 1924 3026 1992 licentia

929 2032 1219 2098 abeundi
1263 2052 1412 2095 cum
1442 2028 1590 2094 vita
1634 2033 1704 2093 et
1746 2026 2099 2093 membris:
2149 2032 2219 2093 et
2261 2026 2623 2092 noluerunt
2652 2048 2839 2116 reges
2867 2029 3025 2094 reci-

930 2157 1125 2222 pere;
1185 2133 1301 2199 sed
1344 2131 1700 2218 exigebant.
1744 2130 1832 2196 ab
1877 2131 1970 2195 eis
2014 2134 2228 2195 totam
2290 2134 2534 2196 terram
2586 2153 2785 2218 quam
2851 2132 3029 2198 Sala-

933 2239 1129 2303 dinus
1188 2241 1256 2302 et
1300 2234 1523 2301 caeteri
1574 2234 1815 2321 pagani
1860 2231 2284 2297 abstulerunt
2329 2231 2742 2313 Christiania,
2806 2234 2892 2300 ab
2954 2257 3027 2301 eo

932 2347 1225 2428 tempore
1271 2361 1401 2424 quo
1447 2337 1834 2403 Lodowicus
1879 2358 2014 2414 rere,
2058 2340 2251 2422 pater
2295 2335 2585 2422 Philippi
2620 2338 2793 2424 regis
2823 2338 3025 2403 Fran-

931 2448 1064 2526 ciae,
1112 2445 1244 2510 fuit
1297 2443 1371 2507 in
1413 2446 1590 2507 terra
1633 2439 2212 2519 Jerosolimitana;
2282 2444 2350 2504 et
2398 2438 2673 2506 Crucem
2720 2441 3027 2507 Sanctam

931 2557 999 2617 et
1047 2547 1456 2617 Christianos
1500 2545 1796 2631 captivos
1841 2565 2005 2629 quos
2058 2541 2415 2608 Saladinus
2476 2549 2546 2610 et
2590 2544 2888 2614 homines
2931 2545 3031 2610 sui

930 2659 1089 2720 tunc
1132 2652 1479 2718 habebant
1576 2647 1827 2734 Pagani
1871 2669 2045 2726 vero,
2091 2646 2370 2712 scientes
2429 2669 2498 2711 se
2563 2647 2735 2712 nihil
2798 2647 3031 2714 horum
3054 2648 3261 2694 ΗΘΜ·

595 2760 782 2853 Βδέζξῑη
801 2773 868 2805 ¹⁸0·
930 2779 1114 2844 posse
1181 2757 1390 2821 facere
1454 2753 1596 2819 sine
1640 2750 1992 2816 voluntate
2062 2748 2380 2827 Saladini,
2449 2750 2622 2816 datis
2697 2751 3033 2817 obsidibus
3053 2702 3262 2804 gaggis.

590 2814 853 2959 {Effigffihfl
930 2862 1013 2926 de
1042 2857 1395 2939 redeunde,
1428 2859 1863 2944 perrexerunt
1892 2853 1977 2917 ad
2014 2851 2417 2917 Saladjnum.
2513 2852 2638 2919 Cui
2685 2854 3032 2921 ostenden-

739 2946 751 2957 ·
927 2970 1029 3028 tes
1075 2984 1302 3048 regum
1347 2959 1719 3046 petitiones,
1753 2955 1921 3021 nihil
1965 2954 2214 3034 efficere
2245 2960 2607 3042 potuerunt
2637 2956 2717 3022 de
2764 2957 2885 3037 his,
2917 2979 3034 3023 nec

929 3065 1135 3129 ullam
1182 3085 1299 3150 pro
1344 3062 1477 3126 illis
1522 3058 2043 3144 redemptionem
2107 3059 2262 3124 dare
2331 3060 2662 3126 concessit.
2756 3059 3032 3126 Confusi

927 3169 1154 3253 itaque
1199 3165 1448 3231 reversi
1491 3166 1650 3228 sunt
1697 3161 1786 3226 ad
1832 3161 2178 3227 civitatem
2207 3161 2417 3240 Acrae,
2449 3168 2517 3228 et
2548 3164 2823 3249 ingressi
2855 3170 3032 3229 sunt.

594 3285 782 3330 Saludin
813 3335 844 3378 h
1018 3269 1233 3335 Nocte
1278 3266 1599 3354 sequenti,
1649 3266 1822 3331 circa
1864 3264 2095 3330 horam
2124 3265 2340 3331 noctis
2370 3265 2672 3343 mediam,
2704 3269 3034 3334 exercitus
3052 3268 3265 3369 {lgfflvg

591 3337 903 3489 ἶκξὲἷὲἔὲῗιῶῗε
929 3373 1226 3440 Saladini
1300 3371 1623 3436 insultum
1684 3367 1843 3432 fecit
1888 3368 1959 3432 in
2026 3368 2326 3433 custodes
2391 3368 2787 3436 fossatorum
2851 3378 3034 3439 exte-

592 3450 747 3533 ierim.
928 3478 1192 3554 riorum,
1237 3480 1316 3540 ut
1366 3472 1584 3560 [dum]
1633 3470 2000 3537 Christiani
2046 3470 2477 3537 intenderent
2508 3473 2877 3541 defensioni
2907 3477 3035 3542 fos-

927 3585 1239 3658 satorum,
1286 3576 1528 3664 pagani
1573 3574 1689 3661 qui
1732 3574 1806 3638 in
1850 3573 2125 3641 civitate
2186 3584 2375 3640 erant
2435 3575 2691 3643 facilius
2757 3579 3037 3646 evadere

927 3688 1195 3771 possent
1269 3703 1385 3769 per
1459 3680 1698 3766 fugam.
1794 3678 1927 3743 Sed
1993 3698 2177 3763 reges
2250 3678 2405 3744 inde
2467 3683 2866 3765 praemuniti,
2922 3706 3040 3771 per

630 3795 861 3841 ro.1o·1r0.
928 3787 1315 3853 mandatum
1360 3781 1724 3869 supradicti
1770 3780 1904 3845 viri
1946 3781 2063 3866 qui
2106 3786 2246 3846 erat
2292 3784 2368 3846 in
2411 3783 2706 3865 civitate,
2732 3789 3039 3853 custodes

829 3937 836 3943 ·
927 3915 1046 3979 per
1089 3888 1436 3955 circuitum
1482 3904 1821 3948 murorum
1868 3888 2250 3969 posuerunt,
2297 3884 2396 3950 ita
2457 3885 2635 3972 quod
2696 3889 2871 3954 nulli
2937 3913 3038 3956 se-

929 4016 1125 4060 curus
1168 3990 1445 4078 patebat
1506 4008 1819 4074 egressus.
1913 3985 2156 4051 Factus
2224 3992 2325 4053 est
2386 4010 2541 4075 ergo
2606 3989 2854 4056 clamor
2918 4015 3040 4081 per

930 4096 1294 4163 exereitum
1326 4089 1877 4168 Christianorum,
1911 4089 2027 4173 qui
2073 4112 2113 4152 a
2158 4111 2386 4156 somno
2433 4092 2709 4157 excitati
2751 4100 2821 4159 et
2853 4118 3041 4163 arma

929 4200 1219 4266 velocius
1262 4199 1619 4275 sumentes,
1666 4197 2081 4257 accesserunt
2146 4192 2232 4257 ad
2296 4193 2545 4260 fossata
2588 4200 2660 4261 et
2708 4198 3038 4284 impetum

927 4305 1222 4371 fecerunt
1281 4300 1355 4363 in
1413 4317 1721 4386 paganos»,
1770 4299 1839 4359 et
1882 4294 2129 4360 multos
2174 4319 2259 4363 ex
2312 4297 2444 4361 illis
2509 4297 3036 4369 interfecerunt:

926 4405 1173 4496 pagani
1216 4408 1439 4469 autem
1487 4402 1559 4465 in
1604 4399 1831 4484 fugam
1875 4398 2170 4464 conversi
2215 4405 2385 4467 sunt.

657 4528 769 4581 July
786 4534 824 4573 s.
1018 4508 1272 4590 Quinta
1315 4505 1423 4570 die
1474 4500 1721 4568 mensis
1766 4500 1814 4565 ‚J
1818 4500 1960 4580 ulii,
2009 4500 2174 4566 feria
2233 4508 2436 4582 sexta,
2514 4504 2761 4570 iterum
2829 4532 3039 4598 appo-
3060 4531 3282 4579 novacen.

589 4630 758 4675 broach
927 4616 1096 4681 sibus
1174 4616 1277 4677 est
1343 4608 1523 4697 ignis
1595 4605 1900 4670 incisioni
1992 4626 2350 4686 murorum,
2441 4630 2639 4697 quam
2729 4584 3278 4682 homines³⁹²¹²³³

926 4718 1101 4804 regis
1170 4713 1435 4801 Angliae
1495 4710 1824 4789 fecerant;
1901 4714 1969 4774 et
2029 4715 2223 4776 nocte
2286 4714 2587 4800 sequenti
2651 4716 3044 4786 ceciderunt

930 4828 1151 4887 turres
1197 4823 1267 4883 et
1311 4814 1504 4895 muri,
1549 4820 1619 4880 et
1665 4813 1962 4879 fecerunt
2006 4813 2360 4879 introitum
2405 4837 2734 4903 magnum.
