3585 5863
254 1103 508 1159 Boveden,
613 1104 629 1131 ‘
637 1104 653 1130 ‘

254 1159 475 1202 mnan.

616 1360 653 1385 “
691 1356 755 1413 id
790 1363 901 1424 est,
941 1357 1018 1414 ad
1051 1357 1515 1430 redemptionem
1564 1360 1778 1431 coegit.
1854 1359 1984 1415 Neo
2019 1358 2137 1415 fuit
2171 1359 2390 1430 aliquis
2426 1358 2708 1415 immunis

615 1444 655 1470 “
693 1442 798 1515 qm
847 1442 1041 1498 crucis
1077 1443 1240 1499 illius
1289 1444 1571 1516 stigmata
1603 1462 1722 1499 non
1760 1443 2042 1510 sentiret;
2084 1449 2145 1499 et
2180 1443 2232 1499 si
2268 1443 2420 1499 forte
2458 1444 2710 1516 alicujus

615 1528 654 1555 ‘⁸
693 1526 955 1599 episcopi
980 1525 1220 1582 domum
1255 1527 1524 1594 intraret,
1553 1527 1628 1583 ab
1665 1544 1736 1583 eo
1773 1527 1924 1583 scire
1958 1526 2252 1599 poteritis,
2283 1527 2442 1599 quod
2475 1532 2713 1584 centum

615 1614 655 1640 “
690 1611 787 1666 vel
823 1611 1211 1667 ducentarum
1257 1629 1594 1668 marcarum
1644 1611 1838 1684 pretio
1885 1628 1994 1668 sua
2042 1611 2307 1668 constitit
2357 1614 2711 1684 procuratio.

615 1698 655 1724 “
694 1695 847 1752 Cum
899 1700 1098 1751 autem
1145 1695 1211 1751 in
1259 1696 1504 1753 castello
1558 1695 1941 1752 Doroberniae
1996 1695 2225 1768 aliquot
2284 1696 2494 1753 diebus
2554 1707 2810 1754 com-110
2825 1708 2976 1753 deter-

1497 926 1802 979 BIcAnm.
2574 919 2703 986 219

690 1120 908 1160 annum
954 1107 1017 1160 et
1049 1102 1363 1160 dimidium
1412 1105 1571 1172 anni,
1610 1110 1745 1178 post
1792 1109 2046 1162 mortem
2079 1123 2247 1179 papae
2284 1105 2607 1163 Clementis
2641 1107 2708 1162 in
2762 1112 2874 1156 Λᾶ)
2892 1116 3009 1159 1191

613 1188 653 1216 “
689 1187 1100 1260 praejudicium
1148 1188 1426 1245 Romanae
1476 1190 1742 1247 ecclesiae
1795 1196 1857 1246 et
1905 1190 2326 1246 detrimentum
2359 1190 2708 1262 Anglicanae
2731 1165 3019 1271 ammuh

614 1275 653 1301 ‘⁶
689 1278 1044 1345 portaverat.
1107 1271 1325 1330 Omnes
1350 1274 1508 1330 enim
1542 1274 1825 1330 ecclesias
1849 1272 2089 1346 Angliae
2126 1291 2270 1329 crux
2303 1274 2411 1330 illa
2433 1274 2704 1341 redemit,
2729 1276 2931 1329 legation
2947 1290 3032 1322 un·

2729 1328 2948 1382 ltvfisslx·

2734 1760 2890 1803 miued
2906 1763 2957 1804 to

616 1782 655 1809 ‘⁸
691 1784 953 1837 moratus
988 1779 1218 1846 fuisset,
1245 1779 1555 1837 immemor
1605 1799 1727 1836 suae
1776 1780 2161 1852 professionis
2215 1785 2277 1836 et
2311 1780 2450 1836 fidei
2487 1782 2712 1854 obliga-
2733 1822 2894 1864 w
2909 1814 3029 1857 from

617 1867 656 1895 ‘⁸
692 1864 875 1921 tionis
929 1882 1110 1936 quam
1159 1864 1399 1932 fecerat,
1452 1865 1672 1921 oblitus
1725 1865 1906 1920 etiam
1959 1865 2213 1920 fratrum
2265 1883 2510 1921 suorum
2562 1884 2711 1937 quos
2732 1861 2896 1908 Dover.

617 1951 656 1977 “
694 1948 932 2005 obsides
968 1948 1136 2005 datos
1171 1949 1351 2005 morti
1386 1949 1643 2020 turpiter
1678 1948 2024 2020 exponebat,
2063 1948 2348 2019 navigare
2384 1950 2707 2046 proposuit.

616 2037 651 2062 ‘⁸
691 2033 770 2088 Et
801 2051 939 2088 cum
991 2033 1103 2089 hoc
1137 2038 1338 2105 aperte
1390 2050 1510 2089 non
1561 2032 1827 2099 auderet,
1866 2050 2085 2091 novum
2135 2051 2324 2103 genus
2359 2033 2588 2090 fraudis
2624 2033 2713 2090 in-

617 2122 656 2147 “
694 2117 876 2185 venit,
935 2121 997 2174 et
1054 2135 1186 2174 sese
1237 2117 1541 2175 foeminam
1601 2118 1925 2184 simulavit,
1983 2117 2155 2190 cujus
2215 2126 2422 2175 sexum
2479 2135 2713 2191 semper

618 2205 656 2232 ‘⁴
693 2202 838 2268 odit,
875 2208 1222 2274 vestemque
1258 2201 1583 2259 sacerdotis
1618 2203 1682 2257 in
1715 2202 1990 2259 habitum
2023 2204 2320 2259 convertit
2353 2204 2707 2261 meretricis.

615 2290 654 2317 ‘⁸
693 2288 853 2343 Proh
902 2287 1100 2343 dolor'
1175 2285 1289 2344 Vir
1339 2287 1533 2343 factus
1588 2292 1681 2343 est
1732 2287 1992 2353 foemina,
2048 2287 2435 2345 cancellarius
2485 2288 2812 2354 cancel-110
2827 2308 3014 2355 dm

616 2376 655 2401 ‘⁶
694 2372 861 2438 laria,
891 2372 1164 2429 sacerdos
1198 2372 1502 2439 meretrix,
1530 2371 1841 2444 episcopus
1879 2389 2099 2428 scurra.
2160 2372 2326 2444 Ergo
2362 2372 2435 2428 de
2472 2372 2712 2429 castello
2735 2360 3033 2406 himselraea

2735 2423 2929 2456 woman-

616 2460 657 2487 “
694 2456 987 2529 superiori
1039 2457 1183 2513 licet
1235 2455 1483 2513 claudus
1519 2462 1697 2524 esset,
1738 2456 1988 2528 pedibus
2041 2457 2351 2529 praeelegit
2396 2474 2713 2530 properare
2775 2463 2838 2507 ro.
2851 2466 2927 2510 178
2945 2471 3005 2509 r0.

618 2547 656 2572 “
696 2543 773 2600 ad
819 2543 1010 2610 littus,
1048 2543 1253 2598 tunica
1300 2542 1580 2598 foeminea
1627 2540 1810 2598 viridi
1863 2546 1927 2597 et
1978 2543 2299 2598 enormiter
2349 2541 2546 2613 longa,
2605 2559 2714 2614 pro

618 2633 656 2657 ‘⁶
695 2628 896 2685 tunica
932 2628 1254 2684 sacerdotis
1289 2626 1669 2699 hyacinthina
1704 2625 1978 2681 indutus·
2020 2643 2264 2698 cappam
2298 2625 2520 2682 habens
2557 2626 2713 2698 ejus-

618 2716 657 2742 ·‘
697 2712 832 2768 dem
881 2712 1095 2769 coloris
1150 2712 1493 2767 deformiter
1542 2711 1898 2767 manicatam
1917 2727 2041 2807 ‘pro
2075 2711 2332 2781 planeta,
2371 2711 2615 2783 peplum
2649 2712 2714 2766 in

617 2802 656 2827 ‘⁴
696 2798 889 2869 capite
923 2815 1032 2869 pro
1067 2796 1282 2863 mitra3
1327 2812 1585 2869 pannum
1637 2794 1865 2850 lineum
1913 2793 1979 2850 in
2032 2812 2211 2850 manu
2247 2794 2491 2851 sinistra
2543 2796 2715 2868 quasi

618 2885 656 2910 ‘⁶
701 2883 777 2938 ad
810 2880 1204 2949 vendendum,
1231 2898 1344 2954 pro
1375 2880 1670 2952 manip103
1708 2879 1947 2952 virgam
1991 2878 2318 2937 venditoris
2354 2880 2417 2936 in
2452 2880 2712 2948 dextera,

616 2971 656 2997 “
694 2985 805 3040 pro
838 2966 1049 3024 baculo
1082 2965 1384 3038 pastorali.
1459 2965 1701 3021 Talibus
1739 2970 1982 3021 ornatus
2019 2965 2266 3022 antistes
2304 2965 2608 3022 descendit
2643 2965 2717 3021 ad

620 3056 659 3081 ‘⁶
696 3071 892 3108 mare:
931 3057 993 3108 et
1046 3051 1151 3122 qui
1184 3050 1432 3106 loricam
1466 3049 1678 3106 militis
1735 3050 1955 3121 saepius
1992 3055 2228 3122 gestare
2281 3050 2525 3119 solebat,
2565 3050 2720 3106 mira

619 3141 659 3166 ‘⁸
697 3154 795 3194 res
832 3136 989 3209 quod
1027 3141 1151 3192 tam
1204 3135 1550 3191 effoeminati
1585 3134 1770 3190 animi
1807 3136 2019 3201 factus,
2061 3135 2324 3191 animum
2373 3136 2718 3191 fcemineum

622 3226 659 3251 ‘⁸
696 3221 1024 3295 praeelegit
1117 3218 1272 3276 Cum
1331 3220 1490 3276 enim
1550 3220 1784 3275 sederet
1837 3219 1900 3274 ιιι
1957 3220 2160 3276 littore
2221 3239 2405 3292 supra
2462 3227 2713 3293 petram,
2742 3230 2833 3276 His
2849 3229 3014 3274 adven

2740 3285 2845 3327 ture
2860 3284 3022 3329 outhe

620 3313 659 3338 ‘⁴
696 3308 959 3381 piscator
996 3305 1257 3377 quidam,
1298 3304 1402 3376 qui
1457 3305 1657 3360 statim
1693 3303 1983 3376 deputans
2035 3309 2296 3360 scortum
2341 3306 2587 3377 propius
2623 3324 2718 3362 ac·
2737 3334 2897 3381 bench.

621 3397 661 3425 ‘⁴
698 3392 914 3457 cessit,
965 3393 1027 3445 et
1078 3389 1181 3461 qui
1232 3389 1405 3461 quasi
1455 3388 1650 3444 nudus
1689 3388 1764 3445 de
1816 3388 1970 3444 mari
2024 3387 2408 3445 descenderat
2458 3391 2719 3446 calefieri

623 3483 661 3509 “
699 3478 963 3550 cupiens,
1002 3474 1267 3532 cucurrit
1316 3472 1393 3529 ad
1444 3479 1791 3540 monstrum,
1848 3477 1908 3527 et
1965 3490 2142 3528 manu
2202 3474 2443 3530 sinistra
2499 3475 2720 3532 collum

622 3567 663 3593 “
701 3561 1116 3634 complectens,
1173 3558 1379 3614 dextra
1435 3563 1634 3628 partes
1694 3557 2008 3613 inferiores
2080 3557 2351 3614 rimatur.
2451 3556 2721 3632 Cumque

624 3653 663 3678 ‘⁸
702 3647 962 3704 tunicam
998 3643 1195 3701 subito
1243 3642 1630 3707 sublevasset,
1671 3646 1732 3697 et
1764 3641 1944 3697 nimis
1979 3640 2374 3698 inverecunde
2409 3642 2486 3698 ad
2518 3651 2719 3715 partes

622 3737 663 3762 “
700 3728 1065 3789 verecundas
1099 3745 1340 3783 manum
1376 3726 1738 3782 extendisset
1772 3725 2068 3790 audacter,
2097 3725 2405 3782 femoralia
2440 3729 2627 3784 sensit
2661 3734 2723 3784 et

623 3822 663 3847 “
701 3818 900 3874 virum
936 3815 1000 3870 in
1034 3813 1277 3869 foemina
1310 3812 1492 3870 certis
1528 3810 1894 3883 argumentis
1929 3810 2206 3882 agnovitz
2248 3817 2310 3869 et
2342 3811 2721 3870 vehementer

624 3907 663 3932 ‘⁸
702 3900 1018 3965 admirans,
1056 3903 1218 3955 retro
1251 3897 1566 3969 prosiliens
1602 3902 1763 3952 totus
1818 3895 2119 3962 attonitus,
2158 3913 2302 3953 voce
2337 3913 2555 3969 magna
2588 3916 2720 3970 pro-

623 3991 661 4016 “
701 3987 933 4052 clamat,
979 3987 995 4010 ‘
1014 3983 1231 4040 Venite
1276 3999 1476 4038 omnes
1514 3987 1573 4037 et
1608 3980 1808 4037 videte
1845 3980 2161 4050 mirabilia,
2203 3980 2346 4052 quia
2381 3981 2443 4037 in
2479 3982 2723 4039 foemina

621 4076 662 4102 ‘⁶
704 4076 720 4100 ‘
748 4070 947 4128 inveni
979 4066 1216 4126 virum!
1288 4066 1579 4122 Protenus
1637 4065 1962 4122 servientes
2002 4065 2131 4137 ejus
2186 4071 2248 4122 et
2301 4066 2427 4122 noti
2465 4067 2569 4140 qui
2605 4073 2722 4125 sta-

621 4161 661 4188 “
698 4157 842 4212 bant
875 4173 912 4211 a
944 4154 1121 4224 longe
1159 4156 1552 4217 accesserunt,
1580 4155 1642 4206 et
1674 4149 1944 4206 modesta
1980 4150 2232 4222 quadam
2265 4149 2552 4208 violentia
2585 4170 2722 4208 eum

620 4248 660 4276 “
697 4241 1046 4314 repulerunt
1079 4242 1142 4293 et
1175 4237 1629 4308 increpaverunt
1661 4241 1732 4290 ut
1761 4241 2024 4292 taceretz
2064 4235 2253 4292 tacuit
2286 4254 2432 4308 ergo
2465 4237 2723 4309 piscator

621 4333 662 4360 ‘⁶
703 4333 765 4385 et
799 4326 1020 4381 clamor
1069 4321 1175 4376 ille
1213 4320 1460 4392 quievit,
1500 4326 1563 4375 et
1613 4319 1857 4376 sedebat
1893 4320 2432 4393 Hermaphroditus
2488 4340 2724 4394 exspec-

623 4419 661 4443 “
701 4419 851 4469 tans,
922 4408 1174 4464 Interim
1219 4405 1436 4461 mulier
1474 4404 1744 4477 quaedam
1780 4404 1979 4460 exiens
2030 4405 2102 4460 de
2137 4405 2303 4473 villa,
2342 4405 2551 4463 videns
2586 4425 2726 4481 pan-

624 4502 664 4529 “
702 4514 848 4554 num
879 4495 1106 4550 lineum
1143 4506 1319 4563 quem
1371 4489 1475 4544 ille
1511 4490 1609 4546 vel
1665 4489 1771 4544 illa
1821 4489 2113 4561 gestabat,
2153 4489 2485 4562 expositum
2525 4491 2727 4548 vendi-

648 4588 663 4612 ‘
702 4581 888 4647 tioni3
942 4584 1003 4635 et
1036 4575 1360 4651 procedens
1398 4575 1580 4646 ccepit
1630 4574 1936 4646 inquirere
1988 4575 2194 4646 quanti
2248 4580 2408 4633 esset
2451 4577 2630 4648 pretii
2665 4584 2726 4633 et

623 4671 664 4698 “
701 4681 810 4741 pro
859 4667 1076 4737 quanto
1126 4662 1330 4717 ulnam
1376 4657 1588 4715 daret?
1661 4658 1777 4714 Ille
1827 4677 1946 4715 non
1993 4659 2386 4732 respondebat
2440 4662 2580 4759 quia
2613 4662 2725 4718 lin-
2748 4674 2824 4719 He
2839 4673 2974 4719 could

624 4756 665 4783 “
705 4766 889 4824 guam
922 4747 1317 4819 Anglicanam
1363 4761 1607 4817 prorsus
1654 4744 1981 4815 ignorabat,
2053 4744 2138 4800 At
2171 4744 2279 4800 illa
2313 4746 2506 4818 magis
2543 4747 2726 4807 insta-
2745 4727 2988 4833 ¹¹⁰⁶ffl⁶⁸¹¹

623 4840 665 4867 ‘⁴
703 4837 838 4902 bat3
865 4841 929 4890 et
950 4832 1230 4890 continuo
1268 4829 1613 4901 supervenit
1647 4829 1765 4885 alia
1800 4829 2033 4897 mulier,
2061 4828 2213 4885 illud
2246 4830 2406 4887 idem
2441 4832 2725 4894 instanter

627 4926 668 4952 ‘⁸
705 4919 1012 4993 inquirens
1067 4920 1129 4973 et
1177 4915 1504 4988 plurimum
1555 4914 1782 4971 instans
1835 4919 1906 4970 ut
1952 4913 2011 4970 ei
2062 4914 2321 4987 pretium
2367 4919 2723 4982 venditionis
