<?xml version="1.0" encoding="UTF-8"?>
<!DOCTYPE html PUBLIC "-//W3C//DTD XHTML 1.0 Transitional//EN"
    "http://www.w3.org/TR/xhtml1/DTD/xhtml1-transitional.dtd">
<html xmlns="http://www.w3.org/1999/xhtml" xml:lang="en" lang="en">
 <head>
  <title>
</title>
<meta http-equiv="Content-Type" content="text/html;charset=utf-8" />
  <meta name='ocr-system' content='tesseract 3.04.00' />
  <meta name='ocr-capabilities' content='ocr_page ocr_carea ocr_par ocr_line ocrx_word'/>
</head>
<body>
  <div class='ocr_page' id='page_1' title='image "./chroniclereigns00unkngoog_0349.png"; bbox 0 0 3585 5863; ppageno 0'>
   <div class='ocr_carea' id='block_1_1' title="bbox 252 2470 444 2566">
    <p class='ocr_par' dir='ltr' id='par_1_1' title="bbox 252 2470 444 2566">
     <span class='ocr_line' id='line_1_1' title="bbox 253 2470 438 2518; baseline 0.022 -6"><span class='ocrx_word' id='word_1_1' title='bbox 253 2470 293 2512; x_wconf 84' lang='lat'>8.</span> <span class='ocrx_word' id='word_1_2' title='bbox 308 2470 438 2518; x_wconf 73' lang='lat' dir='ltr'>Matt.</span> 
     </span>
     <span class='ocr_line' id='line_1_2' title="bbox 252 2523 444 2566; baseline 0.016 -3"><span class='ocrx_word' id='word_1_3' title='bbox 252 2523 391 2566; x_wconf 76' lang='lat' dir='ltr'>xxvlli.</span> <span class='ocrx_word' id='word_1_4' title='bbox 405 2528 444 2566; x_wconf 55' lang='lat'>41</span> 
     </span>
    </p>
   </div>
   <div class='ocr_carea' id='block_1_2' title="bbox 242 4220 467 4321">
    <p class='ocr_par' dir='ltr' id='par_1_2' title="bbox 242 4220 467 4321">
     <span class='ocr_line' id='line_1_3' title="bbox 244 4220 467 4274; baseline 0.013 -9"><span class='ocrx_word' id='word_1_5' title='bbox 244 4220 467 4274; x_wconf 72' lang='lat' dir='ltr'>Hoveden,</span> 
     </span>
     <span class='ocr_line' id='line_1_4' title="bbox 242 4276 458 4321; baseline 0.014 -3"><span class='ocrx_word' id='word_1_6' title='bbox 242 4276 324 4318; x_wconf 75' lang='grc'>898.</span> <span class='ocrx_word' id='word_1_7' title='bbox 337 4287 379 4318; x_wconf 74' lang='grc' dir='ltr'>ι.</span> <span class='ocrx_word' id='word_1_8' title='bbox 392 4279 458 4321; x_wconf 78' lang='lat'>12.</span> 
     </span>
    </p>
   </div>
   <div class='ocr_carea' id='block_1_3' title="bbox 1469 879 2678 950">
    <p class='ocr_par' dir='ltr' id='par_1_3' title="bbox 1469 879 2678 950">
     <span class='ocr_line' id='line_1_5' title="bbox 1469 879 2678 950; baseline 0.009 -12"><span class='ocrx_word' id='word_1_9' title='bbox 1469 889 1776 941; x_wconf 60' lang='lat' dir='ltr'>mosam.</span> <span class='ocrx_word' id='word_1_10' title='bbox 2548 879 2678 950; x_wconf 81' lang='lat'>177</span> 
     </span>
    </p>
   </div>
   <div class='ocr_carea' id='block_1_4' title="bbox 575 1062 2981 1240">
    <p class='ocr_par' dir='ltr' id='par_1_4' title="bbox 575 1062 2981 1240">
     <span class='ocr_line' id='line_1_6' title="bbox 575 1062 2981 1160; baseline 0.007 -32"><span class='ocrx_word' id='word_1_11' title='bbox 575 1068 731 1128; x_wconf 82' lang='lat' dir='ltr'>rant</span> <span class='ocrx_word' id='word_1_12' title='bbox 794 1062 909 1150; x_wconf 90' lang='lat' dir='ltr'>qui</span> <span class='ocrx_word' id='word_1_13' title='bbox 976 1069 1248 1131; x_wconf 85' lang='lat' dir='ltr'>caeteros</span> <span class='ocrx_word' id='word_1_14' title='bbox 1307 1065 1585 1133; x_wconf 89' lang='lat' dir='ltr'>introire</span> <span class='ocrx_word' id='word_1_15' title='bbox 1645 1074 2013 1157; x_wconf 83' lang='lat' dir='ltr'>coegerunt.</span> <span class='ocrx_word' id='word_1_16' title='bbox 2104 1071 2254 1137; x_wconf 84' lang='lat' dir='ltr'>Rex</span> <span class='ocrx_word' id='word_1_17' title='bbox 2297 1072 2560 1160; x_wconf 83' lang='lat' dir='ltr'>Angliae</span> <span class='ocrx_word' id='word_1_18' title='bbox 2605 1078 2676 1140; x_wconf 88' lang='lat' dir='ltr'>et</span> <span class='ocrx_word' id='word_1_19' title='bbox 2736 1095 2847 1143; x_wconf 65' lang='lat' dir='ltr'>An</span> <span class='ocrx_word' id='word_1_20' title='bbox 2866 1102 2981 1145; x_wconf 74' lang='lat'>1191.</span> 
     </span>
     <span class='ocr_line' id='line_1_7' title="bbox 576 1166 2314 1240; baseline 0.005 -9"><span class='ocrx_word' id='word_1_21' title='bbox 576 1166 681 1231; x_wconf 88' lang='lat' dir='ltr'>sui</span> <span class='ocrx_word' id='word_1_22' title='bbox 724 1166 991 1234; x_wconf 87' lang='lat' dir='ltr'>interim</span> <span class='ocrx_word' id='word_1_23' title='bbox 1038 1172 1230 1234; x_wconf 88' lang='lat' dir='ltr'>erant</span> <span class='ocrx_word' id='word_1_24' title='bbox 1273 1170 1362 1235; x_wconf 83' lang='lat' dir='ltr'>ad</span> <span class='ocrx_word' id='word_1_25' title='bbox 1403 1170 1798 1237; x_wconf 73' lang='lat' dir='ltr'>fossatorum</span> <span class='ocrx_word' id='word_1_26' title='bbox 1858 1172 2314 1240; x_wconf 75' lang='lat' dir='ltr'>defensionem.</span> 
     </span>
    </p>
   </div>
   <div class='ocr_carea' id='block_1_5' title="bbox 667 1268 2990 1409">
    <p class='ocr_par' dir='ltr' id='par_1_5' title="bbox 667 1268 2990 1409">
     <span class='ocr_line' id='line_1_8' title="bbox 667 1268 2972 1409; baseline 0.006 -75"><span class='ocrx_word' id='word_1_27' title='bbox 667 1268 922 1336; x_wconf 84' lang='lat' dir='ltr'>Octava</span> <span class='ocrx_word' id='word_1_28' title='bbox 966 1271 1071 1337; x_wconf 89' lang='lat' dir='ltr'>die</span> <span class='ocrx_word' id='word_1_29' title='bbox 1115 1273 1358 1338; x_wconf 82' lang='lat' dir='ltr'>mensis</span> <span class='ocrx_word' id='word_1_30' title='bbox 1389 1273 1437 1338; x_wconf 85' lang='lat' dir='ltr'><strong>J</strong></span> <span class='ocrx_word' id='word_1_31' title='bbox 1441 1274 1578 1351; x_wconf 85' lang='lat' dir='ltr'>ulii,</span> <span class='ocrx_word' id='word_1_32' title='bbox 1625 1274 1979 1342; x_wconf 85' lang='lat' dir='ltr'>Saladinus</span> <span class='ocrx_word' id='word_1_33' title='bbox 2022 1278 2380 1344; x_wconf 83' lang='lat' dir='ltr'>combussit</span> <span class='ocrx_word' id='word_1_34' title='bbox 2423 1284 2672 1346; x_wconf 90' lang='lat' dir='ltr'>turrem</span> <span class='ocrx_word' id='word_1_35' title='bbox 2698 1301 2972 1409; x_wconf 32' lang='lat' dir='ltr'>Sal-235&amp;</span> 
     </span>
     <span class='ocr_line' id='line_1_9' title="bbox 2854 1378 2990 1408; baseline 0.007 -8"><span class='ocrx_word' id='word_1_36' title='bbox 2854 1378 2882 1408; x_wconf 85' lang='lat' dir='ltr'>n</span> <span class='ocrx_word' id='word_1_37' title='bbox 2973 1389 2990 1401; x_wconf 91' lang='lat'><em>.</em></span> 
     </span>
    </p>
   </div>
   <div class='ocr_carea' id='block_1_6' title="bbox 460 1373 2892 1469">
    <p class='ocr_par' dir='ltr' id='par_1_6' title="bbox 460 1373 2892 1469">
     <span class='ocr_line' id='line_1_10' title="bbox 460 1373 2892 1469; baseline 0.007 -34"><span class='ocrx_word' id='word_1_38' title='bbox 460 1378 473 1390; x_wconf 87' lang='lat'><strong>‘</strong></span> <span class='ocrx_word' id='word_1_39' title='bbox 574 1378 644 1438; x_wconf 90' lang='lat' dir='ltr'>et</span> <span class='ocrx_word' id='word_1_40' title='bbox 688 1373 920 1439; x_wconf 84' lang='lat' dir='ltr'>villam</span> <span class='ocrx_word' id='word_1_41' title='bbox 965 1374 1047 1440; x_wconf 88' lang='lat' dir='ltr'>de</span> <span class='ocrx_word' id='word_1_42' title='bbox 1095 1374 1376 1453; x_wconf 82' lang='lat' dir='ltr'>Chaifas,</span> <span class='ocrx_word' id='word_1_43' title='bbox 1424 1381 1494 1442; x_wconf 92' lang='lat' dir='ltr'>et</span> <span class='ocrx_word' id='word_1_44' title='bbox 1539 1400 1764 1444; x_wconf 85' lang='lat' dir='ltr'>omnes</span> <span class='ocrx_word' id='word_1_45' title='bbox 1809 1379 2038 1446; x_wconf 84' lang='lat' dir='ltr'>vineas</span> <span class='ocrx_word' id='word_1_46' title='bbox 2082 1381 2154 1445; x_wconf 88' lang='lat' dir='ltr'>in</span> <span class='ocrx_word' id='word_1_47' title='bbox 2206 1381 2484 1450; x_wconf 88' lang='lat' dir='ltr'>circuitu</span> <span class='ocrx_word' id='word_1_48' title='bbox 2531 1383 2671 1469; x_wconf 90' lang='lat' dir='ltr'>ejus</span> <span class='ocrx_word' id='word_1_49' title='bbox 2696 1417 2892 1459; x_wconf 61' lang='lat' dir='ltr'>mne„</span> 
     </span>
    </p>
   </div>
   <div class='ocr_carea' id='block_1_7' title="bbox 575 1464 2851 1546">
    <p class='ocr_par' dir='ltr' id='par_1_7' title="bbox 575 1464 2851 1546">
     <span class='ocr_line' id='line_1_11' title="bbox 575 1464 2851 1546; baseline 0.003 -6"><span class='ocrx_word' id='word_1_50' title='bbox 575 1474 921 1546; x_wconf 72' lang='lat' dir='ltr'>destruxit.</span> <span class='ocrx_word' id='word_1_51' title='bbox 2696 1464 2851 1510; x_wconf 50' lang='grc' dir='ltr'>ΒΨ*</span> 
     </span>
    </p>
   </div>
   <div class='ocr_carea' id='block_1_8' title="bbox 1165 1727 2079 1799">
    <p class='ocr_par' dir='ltr' id='par_1_8' title="bbox 1165 1727 2079 1799">
     <span class='ocr_line' id='line_1_12' title="bbox 1165 1727 2079 1799; baseline 0.003 -5"><span class='ocrx_word' id='word_1_52' title='bbox 1165 1727 1357 1794; x_wconf 67' lang='lat' dir='ltr'>Visio</span> <span class='ocrx_word' id='word_1_53' title='bbox 1403 1729 1483 1796; x_wconf 78' lang='lat' dir='ltr'>de</span> <span class='ocrx_word' id='word_1_54' title='bbox 1523 1730 1781 1797; x_wconf 67' lang='lat' dir='ltr'>Sancta</span> <span class='ocrx_word' id='word_1_55' title='bbox 1828 1732 2079 1799; x_wconf 72' lang='lat' dir='ltr'>Maria.</span> 
     </span>
    </p>
   </div>
   <div class='ocr_carea' id='block_1_9' title="bbox 664 1924 3003 2042">
    <p class='ocr_par' dir='ltr' id='par_1_9' title="bbox 664 1924 3003 2042">
     <span class='ocr_line' id='line_1_13' title="bbox 664 1924 3003 2042; baseline 0.006 -54"><span class='ocrx_word' id='word_1_56' title='bbox 664 1924 746 1990; x_wconf 90' lang='lat' dir='ltr'>In</span> <span class='ocrx_word' id='word_1_57' title='bbox 824 1933 1017 1994; x_wconf 89' lang='lat' dir='ltr'>nocte</span> <span class='ocrx_word' id='word_1_58' title='bbox 1084 1932 1405 2015; x_wconf 77' lang='lat' dir='ltr'>sequenti,</span> <span class='ocrx_word' id='word_1_59' title='bbox 1471 1932 1632 1997; x_wconf 90' lang='lat' dir='ltr'>dum</span> <span class='ocrx_word' id='word_1_60' title='bbox 1707 1931 1952 1997; x_wconf 88' lang='lat' dir='ltr'>milites</span> <span class='ocrx_word' id='word_1_61' title='bbox 2027 1937 2095 1997; x_wconf 88' lang='lat' dir='ltr'>et</span> <span class='ocrx_word' id='word_1_62' title='bbox 2162 1932 2522 2000; x_wconf 69' lang='lat' dir='ltr'>servientes</span> <span class='ocrx_word' id='word_1_63' title='bbox 2585 1935 2667 2001; x_wconf 90' lang='lat' dir='ltr'>de</span> <span class='ocrx_word' id='word_1_64' title='bbox 2690 1947 3003 2042; x_wconf 55' lang='grc' dir='ltr'>ξιὶἕὲξὲιάοῐῡὴο</span> 
     </span>
    </p>
   </div>
   <div class='ocr_carea' id='block_1_10' title="bbox 573 2029 2862 2122">
    <p class='ocr_par' dir='ltr' id='par_1_10' title="bbox 573 2029 2862 2122">
     <span class='ocr_line' id='line_1_14' title="bbox 573 2029 2862 2122; baseline 0.003 -28"><span class='ocrx_word' id='word_1_65' title='bbox 573 2029 867 2096; x_wconf 84' lang='lat' dir='ltr'>exercitu</span> <span class='ocrx_word' id='word_1_66' title='bbox 914 2032 1445 2099; x_wconf 83' lang='lat' dir='ltr'>Christianorum</span> <span class='ocrx_word' id='word_1_67' title='bbox 1491 2035 1905 2101; x_wconf 73' lang='lat' dir='ltr'>custodirent</span> <span class='ocrx_word' id='word_1_68' title='bbox 1948 2033 2209 2122; x_wconf 81' lang='lat' dir='ltr'>vigilias</span> <span class='ocrx_word' id='word_1_69' title='bbox 2250 2038 2466 2103; x_wconf 87' lang='lat' dir='ltr'>noctis</span> <span class='ocrx_word' id='word_1_70' title='bbox 2510 2044 2666 2103; x_wconf 89' lang='lat' dir='ltr'>ante</span> <span class='ocrx_word' id='word_1_71' title='bbox 2690 2049 2862 2100; x_wconf 70' lang='lat' dir='ltr'>Virgin-</span> 
     </span>
    </p>
   </div>
   <div class='ocr_carea' id='block_1_11' title="bbox 570 2100 3000 2353">
    <p class='ocr_par' dir='ltr' id='par_1_11' title="bbox 570 2100 3000 2353">
     <span class='ocr_line' id='line_1_15' title="bbox 571 2100 2998 2243; baseline 0.001 -46"><span class='ocrx_word' id='word_1_72' title='bbox 571 2130 847 2198; x_wconf 87' lang='lat' dir='ltr'>Turrem</span> <span class='ocrx_word' id='word_1_73' title='bbox 935 2135 1357 2201; x_wconf 84' lang='lat' dir='ltr'>Maledictam</span> <span class='ocrx_word' id='word_1_74' title='bbox 1432 2142 1703 2224; x_wconf 90' lang='lat' dir='ltr'>propter</span> <span class='ocrx_word' id='word_1_75' title='bbox 1776 2159 2063 2224; x_wconf 81' lang='lat' dir='ltr'>paganos</span> <span class='ocrx_word' id='word_1_76' title='bbox 2098 2162 2115 2218; x_wconf 91' lang='lat'>;</span> <span class='ocrx_word' id='word_1_77' title='bbox 2191 2138 2362 2203; x_wconf 84' lang='lat' dir='ltr'>circa</span> <span class='ocrx_word' id='word_1_78' title='bbox 2436 2139 2664 2206; x_wconf 84' lang='lat' dir='ltr'>horam</span> <span class='ocrx_word' id='word_1_79' title='bbox 2689 2100 2998 2243; x_wconf 56' lang='grc' dir='ltr'>ἓέξῃιιὲὲῃὲες</span> 
     </span>
     <span class='ocr_line' id='line_1_16' title="bbox 570 2236 3000 2353; baseline 0.003 -56"><span class='ocrx_word' id='word_1_80' title='bbox 570 2236 784 2300; x_wconf 86' lang='lat' dir='ltr'>noctis</span> <span class='ocrx_word' id='word_1_81' title='bbox 829 2236 1113 2303; x_wconf 88' lang='lat' dir='ltr'>mediam</span> <span class='ocrx_word' id='word_1_82' title='bbox 1160 2239 1471 2326; x_wconf 84' lang='lat' dir='ltr'>apparuit</span> <span class='ocrx_word' id='word_1_83' title='bbox 1514 2239 1648 2305; x_wconf 87' lang='lat' dir='ltr'>illis</span> <span class='ocrx_word' id='word_1_84' title='bbox 1693 2240 1996 2326; x_wconf 84' lang='lat' dir='ltr'>quaedam</span> <span class='ocrx_word' id='word_1_85' title='bbox 2055 2240 2292 2305; x_wconf 86' lang='lat' dir='ltr'>mulier</span> <span class='ocrx_word' id='word_1_86' title='bbox 2334 2241 3000 2353; x_wconf 51' lang='lat' dir='ltr'>SPeCiOSiS·}21¹{,i⁸3,⁰3,}¹¹²</span> 
     </span>
    </p>
   </div>
   <div class='ocr_carea' id='block_1_12' title="bbox 562 2338 2992 4268">
    <p class='ocr_par' dir='ltr' id='par_1_12' title="bbox 562 2338 2992 4268">
     <span class='ocr_line' id='line_1_17' title="bbox 568 2338 2664 2431; baseline 0.004 -30"><span class='ocrx_word' id='word_1_87' title='bbox 568 2338 751 2418; x_wconf 78' lang='lat' dir='ltr'>sima,</span> <span class='ocrx_word' id='word_1_88' title='bbox 799 2339 985 2427; x_wconf 88' lang='lat' dir='ltr'>cujus</span> <span class='ocrx_word' id='word_1_89' title='bbox 1031 2342 1452 2427; x_wconf 83' lang='lat' dir='ltr'>pulchritudo</span> <span class='ocrx_word' id='word_1_90' title='bbox 1487 2342 1643 2408; x_wconf 89' lang='lat' dir='ltr'>solis</span> <span class='ocrx_word' id='word_1_91' title='bbox 1686 2343 1946 2408; x_wconf 87' lang='lat' dir='ltr'>radium</span> <span class='ocrx_word' id='word_1_92' title='bbox 1975 2341 2287 2409; x_wconf 86' lang='lat' dir='ltr'>vincebat</span> <span class='ocrx_word' id='word_1_93' title='bbox 2329 2343 2405 2408; x_wconf 89' lang='lat' dir='ltr'>in</span> <span class='ocrx_word' id='word_1_94' title='bbox 2450 2343 2664 2431; x_wconf 89' lang='lat' dir='ltr'>splen-</span> 
     </span>
     <span class='ocr_line' id='line_1_18' title="bbox 570 2441 2660 2526; baseline 0.003 -21"><span class='ocrx_word' id='word_1_95' title='bbox 570 2441 725 2506; x_wconf 84' lang='lat' dir='ltr'>dore</span> <span class='ocrx_word' id='word_1_96' title='bbox 771 2444 890 2509; x_wconf 89' lang='lat' dir='ltr'>sui.</span> <span class='ocrx_word' id='word_1_97' title='bbox 983 2443 1129 2512; x_wconf 77' lang='lat' dir='ltr'>Prae</span> <span class='ocrx_word' id='word_1_98' title='bbox 1197 2445 1436 2511; x_wconf 87' lang='lat' dir='ltr'>timore</span> <span class='ocrx_word' id='word_1_99' title='bbox 1504 2452 1727 2512; x_wconf 88' lang='lat' dir='ltr'>autem</span> <span class='ocrx_word' id='word_1_100' title='bbox 1788 2446 2095 2512; x_wconf 84' lang='lat' dir='ltr'>exterriti</span> <span class='ocrx_word' id='word_1_101' title='bbox 2141 2454 2300 2511; x_wconf 88' lang='lat' dir='ltr'>sunt</span> <span class='ocrx_word' id='word_1_102' title='bbox 2344 2447 2660 2526; x_wconf 82' lang='lat' dir='ltr'>custodeS,</span> 
     </span>
     <span class='ocr_line' id='line_1_19' title="bbox 569 2544 2664 2615; baseline 0.003 -7"><span class='ocrx_word' id='word_1_103' title='bbox 569 2549 638 2609; x_wconf 90' lang='lat' dir='ltr'>et</span> <span class='ocrx_word' id='word_1_104' title='bbox 704 2544 863 2612; x_wconf 85' lang='lat' dir='ltr'>facti</span> <span class='ocrx_word' id='word_1_105' title='bbox 930 2552 1090 2612; x_wconf 88' lang='lat' dir='ltr'>sunt</span> <span class='ocrx_word' id='word_1_106' title='bbox 1157 2547 1344 2613; x_wconf 87' lang='lat' dir='ltr'>velut</span> <span class='ocrx_word' id='word_1_107' title='bbox 1410 2549 1677 2613; x_wconf 87' lang='lat' dir='ltr'>mortui.</span> <span class='ocrx_word' id='word_1_108' title='bbox 1771 2548 1901 2613; x_wconf 81' lang='lat' dir='ltr'>Illa.</span> <span class='ocrx_word' id='word_1_109' title='bbox 1962 2555 2185 2615; x_wconf 82' lang='lat' dir='ltr'>autem</span> <span class='ocrx_word' id='word_1_110' title='bbox 2249 2548 2664 2615; x_wconf 83' lang='lat' dir='ltr'>confortabat</span> 
     </span>
     <span class='ocr_line' id='line_1_20' title="bbox 567 2648 2666 2739; baseline 0.002 -27"><span class='ocrx_word' id='word_1_111' title='bbox 567 2669 696 2727; x_wconf 77' lang='lat' dir='ltr'>eOS,</span> <span class='ocrx_word' id='word_1_112' title='bbox 760 2648 984 2715; x_wconf 84' lang='lat' dir='ltr'>dicens</span> <span class='ocrx_word' id='word_1_113' title='bbox 1053 2658 1090 2686; x_wconf 89' lang='lat'><strong>“</strong></span> <span class='ocrx_word' id='word_1_114' title='bbox 1121 2650 1350 2716; x_wconf 87' lang='lat' dir='ltr'>Nolite</span> <span class='ocrx_word' id='word_1_115' title='bbox 1413 2650 1685 2716; x_wconf 87' lang='lat' dir='ltr'>timere!</span> <span class='ocrx_word' id='word_1_116' title='bbox 1778 2650 1923 2739; x_wconf 86' lang='lat' dir='ltr'>Ego</span> <span class='ocrx_word' id='word_1_117' title='bbox 1976 2673 2123 2716; x_wconf 90' lang='lat' dir='ltr'>sum</span> <span class='ocrx_word' id='word_1_118' title='bbox 2170 2651 2401 2729; x_wconf 85' lang='lat' dir='ltr'>Maria,</span> <span class='ocrx_word' id='word_1_119' title='bbox 2448 2651 2666 2718; x_wconf 84' lang='lat' dir='ltr'>Mater</span> 
     </span>
     <span class='ocr_line' id='line_1_21' title="bbox 571 2751 2663 2840; baseline 0.001 -24"><span class='ocrx_word' id='word_1_120' title='bbox 571 2758 604 2786; x_wconf 91' lang='lat'>“</span> <span class='ocrx_word' id='word_1_121' title='bbox 651 2751 925 2818; x_wconf 88' lang='lat' dir='ltr'>Domini</span> <span class='ocrx_word' id='word_1_122' title='bbox 968 2752 1180 2819; x_wconf 83' lang='lat' dir='ltr'>nostri</span> <span class='ocrx_word' id='word_1_123' title='bbox 1210 2752 1258 2818; x_wconf 81' lang='lat' dir='ltr'><strong>J</strong></span> <span class='ocrx_word' id='word_1_124' title='bbox 1260 2774 1374 2818; x_wconf 88' lang='lat' dir='ltr'>esu</span> <span class='ocrx_word' id='word_1_125' title='bbox 1407 2753 1694 2820; x_wconf 84' lang='lat' dir='ltr'>Christi:</span> <span class='ocrx_word' id='word_1_126' title='bbox 1745 2759 1815 2819; x_wconf 90' lang='lat' dir='ltr'>et</span> <span class='ocrx_word' id='word_1_127' title='bbox 1848 2754 2000 2840; x_wconf 87' lang='lat' dir='ltr'>Ipse</span> <span class='ocrx_word' id='word_1_128' title='bbox 2044 2753 2229 2818; x_wconf 82' lang='lat' dir='ltr'>misit</span> <span class='ocrx_word' id='word_1_129' title='bbox 2272 2775 2377 2818; x_wconf 90' lang='lat' dir='ltr'>me</span> <span class='ocrx_word' id='word_1_130' title='bbox 2408 2754 2496 2819; x_wconf 86' lang='lat' dir='ltr'>ad</span> <span class='ocrx_word' id='word_1_131' title='bbox 2525 2775 2663 2833; x_wconf 85' lang='lat' dir='ltr'>vos,</span> 
     </span>
     <span class='ocr_line' id='line_1_22' title="bbox 569 2855 2664 2944; baseline 0 -23"><span class='ocrx_word' id='word_1_132' title='bbox 569 2863 604 2890; x_wconf 88' lang='lat'><strong>“</strong></span> <span class='ocrx_word' id='word_1_133' title='bbox 649 2862 729 2921; x_wconf 85' lang='lat' dir='ltr'>ut</span> <span class='ocrx_word' id='word_1_134' title='bbox 793 2855 1027 2922; x_wconf 84' lang='lat' dir='ltr'>dicatis</span> <span class='ocrx_word' id='word_1_135' title='bbox 1101 2856 1368 2944; x_wconf 83' lang='lat' dir='ltr'>regibus</span> <span class='ocrx_word' id='word_1_136' title='bbox 1442 2857 1620 2943; x_wconf 91' lang='lat' dir='ltr'>quod</span> <span class='ocrx_word' id='word_1_137' title='bbox 1694 2860 1949 2922; x_wconf 87' lang='lat' dir='ltr'>cessent</span> <span class='ocrx_word' id='word_1_138' title='bbox 2021 2878 2062 2921; x_wconf 89' lang='lat' dir='ltr'>a</span> <span class='ocrx_word' id='word_1_139' title='bbox 2133 2857 2664 2943; x_wconf 81' lang='lat' dir='ltr'>prosternatione</span> 
     </span>
     <span class='ocr_line' id='line_1_23' title="bbox 567 2959 2663 3046; baseline 0 -21"><span class='ocrx_word' id='word_1_140' title='bbox 567 2968 601 2995; x_wconf 92' lang='lat'><strong>“</strong></span> <span class='ocrx_word' id='word_1_141' title='bbox 647 2982 985 3025; x_wconf 86' lang='lat' dir='ltr'>murorum</span> <span class='ocrx_word' id='word_1_142' title='bbox 1020 2986 1037 3041; x_wconf 91' lang='lat'>;</span> <span class='ocrx_word' id='word_1_143' title='bbox 1106 2966 1175 3025; x_wconf 90' lang='lat' dir='ltr'>et</span> <span class='ocrx_word' id='word_1_144' title='bbox 1221 2965 1460 3046; x_wconf 86' lang='lat' dir='ltr'>quarto</span> <span class='ocrx_word' id='word_1_145' title='bbox 1507 2961 1612 3026; x_wconf 89' lang='lat' dir='ltr'>die</span> <span class='ocrx_word' id='word_1_146' title='bbox 1656 2965 1808 3046; x_wconf 84' lang='lat' dir='ltr'>post</span> <span class='ocrx_word' id='word_1_147' title='bbox 1851 2960 2055 3025; x_wconf 87' lang='lat' dir='ltr'>istum</span> <span class='ocrx_word' id='word_1_148' title='bbox 2103 2959 2290 3025; x_wconf 88' lang='lat' dir='ltr'>dabit</span> <span class='ocrx_word' id='word_1_149' title='bbox 2337 2960 2663 3026; x_wconf 87' lang='lat' dir='ltr'>Dominus</span> 
     </span>
     <span class='ocr_line' id='line_1_24' title="bbox 570 3061 2664 3129; baseline 0 -2"><span class='ocrx_word' id='word_1_150' title='bbox 570 3068 607 3098; x_wconf 91' lang='lat'><strong>“</strong></span> <span class='ocrx_word' id='word_1_151' title='bbox 652 3064 747 3128; x_wconf 85' lang='lat' dir='ltr'>eis</span> <span class='ocrx_word' id='word_1_152' title='bbox 792 3063 1134 3128; x_wconf 80' lang='lat' dir='ltr'>civitatem</span> <span class='ocrx_word' id='word_1_153' title='bbox 1181 3061 1400 3129; x_wconf 85' lang='lat' dir='ltr'>hanc.&#39;&#39;</span> <span class='ocrx_word' id='word_1_154' title='bbox 1493 3061 1745 3128; x_wconf 86' lang='lat' dir='ltr'>Eadem</span> <span class='ocrx_word' id='word_1_155' title='bbox 1780 3066 1975 3128; x_wconf 90' lang='lat' dir='ltr'>nocte</span> <span class='ocrx_word' id='word_1_156' title='bbox 2020 3061 2180 3126; x_wconf 90' lang='lat' dir='ltr'>dum</span> <span class='ocrx_word' id='word_1_157' title='bbox 2225 3063 2424 3128; x_wconf 81' lang='lat' dir='ltr'>beata</span> <span class='ocrx_word' id='word_1_158' title='bbox 2451 3068 2664 3128; x_wconf 89' lang='lat' dir='ltr'>mater</span> 
     </span>
     <span class='ocr_line' id='line_1_25' title="bbox 568 3164 2663 3243; baseline 0.001 -13"><span class='ocrx_word' id='word_1_159' title='bbox 568 3164 840 3230; x_wconf 85' lang='lat' dir='ltr'>Domini</span> <span class='ocrx_word' id='word_1_160' title='bbox 905 3171 1045 3231; x_wconf 77' lang='lat' dir='ltr'>tam</span> <span class='ocrx_word' id='word_1_161' title='bbox 1121 3164 1361 3231; x_wconf 81' lang='lat' dir='ltr'>blande</span> <span class='ocrx_word' id='word_1_162' title='bbox 1437 3165 1882 3231; x_wconf 84' lang='lat' dir='ltr'>consolaretur</span> <span class='ocrx_word' id='word_1_163' title='bbox 1958 3164 2389 3243; x_wconf 53' lang='lat' dir='ltr'>Christianos</span> <span class='ocrx_word' id='word_1_164' title='bbox 2467 3170 2663 3232; x_wconf 73' lang='lat' dir='ltr'>terrae</span> 
     </span>
     <span class='ocr_line' id='line_1_26' title="bbox 567 3266 2663 3356; baseline 0 -23"><span class='ocrx_word' id='word_1_165' title='bbox 567 3275 787 3335; x_wconf 89' lang='lat' dir='ltr'>motus</span> <span class='ocrx_word' id='word_1_166' title='bbox 829 3288 1110 3355; x_wconf 85' lang='lat' dir='ltr'>magnus</span> <span class='ocrx_word' id='word_1_167' title='bbox 1155 3273 1226 3334; x_wconf 90' lang='lat' dir='ltr'>et</span> <span class='ocrx_word' id='word_1_168' title='bbox 1270 3267 1604 3333; x_wconf 86' lang='lat' dir='ltr'>horribilis</span> <span class='ocrx_word' id='word_1_169' title='bbox 1650 3269 1840 3335; x_wconf 87' lang='lat' dir='ltr'>venit</span> <span class='ocrx_word' id='word_1_170' title='bbox 1884 3266 1959 3332; x_wconf 91' lang='lat' dir='ltr'>in</span> <span class='ocrx_word' id='word_1_171' title='bbox 2002 3268 2298 3346; x_wconf 79' lang='lat' dir='ltr'>civitate,</span> <span class='ocrx_word' id='word_1_172' title='bbox 2342 3269 2441 3334; x_wconf 86' lang='lat' dir='ltr'>ita</span> <span class='ocrx_word' id='word_1_173' title='bbox 2485 3268 2663 3356; x_wconf 89' lang='lat' dir='ltr'>quod</span> 
     </span>
     <span class='ocr_line' id='line_1_27' title="bbox 565 3370 2663 3459; baseline 0 -23"><span class='ocrx_word' id='word_1_174' title='bbox 565 3373 765 3436; x_wconf 84' lang='lat' dir='ltr'>timor</span> <span class='ocrx_word' id='word_1_175' title='bbox 826 3393 1105 3459; x_wconf 83' lang='lat' dir='ltr'>magnus</span> <span class='ocrx_word' id='word_1_176' title='bbox 1166 3370 1604 3458; x_wconf 85' lang='lat' dir='ltr'>apprehendit</span> <span class='ocrx_word' id='word_1_177' title='bbox 1667 3392 1960 3458; x_wconf 80' lang='lat' dir='ltr'>paganos</span> <span class='ocrx_word' id='word_1_178' title='bbox 2022 3371 2138 3456; x_wconf 90' lang='lat' dir='ltr'>qui</span> <span class='ocrx_word' id='word_1_179' title='bbox 2200 3373 2384 3436; x_wconf 88' lang='lat' dir='ltr'>intus</span> <span class='ocrx_word' id='word_1_180' title='bbox 2429 3377 2663 3452; x_wconf 84' lang='lat' dir='ltr'>erant3</span> 
     </span>
     <span class='ocr_line' id='line_1_28' title="bbox 565 3471 2662 3561; baseline 0 -22"><span class='ocrx_word' id='word_1_181' title='bbox 565 3475 727 3541; x_wconf 81' lang='lat' dir='ltr'>adeo</span> <span class='ocrx_word' id='word_1_182' title='bbox 773 3475 948 3561; x_wconf 90' lang='lat' dir='ltr'>quod</span> <span class='ocrx_word' id='word_1_183' title='bbox 1016 3473 1400 3540; x_wconf 83' lang='lat' dir='ltr'>maluerunt</span> <span class='ocrx_word' id='word_1_184' title='bbox 1444 3473 1613 3538; x_wconf 89' lang='lat' dir='ltr'>mori</span> <span class='ocrx_word' id='word_1_185' title='bbox 1673 3492 1875 3558; x_wconf 89' lang='lat' dir='ltr'>quam</span> <span class='ocrx_word' id='word_1_186' title='bbox 1928 3471 2192 3539; x_wconf 86' lang='lat' dir='ltr'>vivere.¹</span> <span class='ocrx_word' id='word_1_187' title='bbox 2290 3474 2421 3539; x_wconf 84' lang='lat' dir='ltr'>His</span> <span class='ocrx_word' id='word_1_188' title='bbox 2466 3475 2662 3540; x_wconf 78' lang='lat' dir='ltr'>dictis</span> 
     </span>
     <span class='ocr_line' id='line_1_29' title="bbox 565 3575 2665 3665; baseline -0 -21"><span class='ocrx_word' id='word_1_189' title='bbox 565 3579 762 3644; x_wconf 83' lang='lat' dir='ltr'>beata</span> <span class='ocrx_word' id='word_1_190' title='bbox 805 3578 1011 3665; x_wconf 86' lang='lat' dir='ltr'>Virgo</span> <span class='ocrx_word' id='word_1_191' title='bbox 1065 3576 1364 3643; x_wconf 85' lang='lat' dir='ltr'>ascendit</span> <span class='ocrx_word' id='word_1_192' title='bbox 1407 3578 1483 3640; x_wconf 87' lang='lat' dir='ltr'>in</span> <span class='ocrx_word' id='word_1_193' title='bbox 1526 3575 1784 3655; x_wconf 89' lang='lat' dir='ltr'>coelum,</span> <span class='ocrx_word' id='word_1_194' title='bbox 1855 3580 1925 3641; x_wconf 91' lang='lat' dir='ltr'>et</span> <span class='ocrx_word' id='word_1_195' title='bbox 1985 3575 2197 3642; x_wconf 86' lang='lat' dir='ltr'>nubes</span> <span class='ocrx_word' id='word_1_196' title='bbox 2247 3576 2466 3641; x_wconf 84' lang='lat' dir='ltr'>lucida</span> <span class='ocrx_word' id='word_1_197' title='bbox 2524 3599 2665 3643; x_wconf 87' lang='lat' dir='ltr'>sus-</span> 
     </span>
     <span class='ocr_line' id='line_1_30' title="bbox 567 3678 2659 3768; baseline -0.001 -22"><span class='ocrx_word' id='word_1_198' title='bbox 567 3680 742 3768; x_wconf 87' lang='lat' dir='ltr'>cepit</span> <span class='ocrx_word' id='word_1_199' title='bbox 788 3703 934 3746; x_wconf 84' lang='lat' dir='ltr'>eam</span> <span class='ocrx_word' id='word_1_200' title='bbox 979 3680 1065 3746; x_wconf 82' lang='lat' dir='ltr'>ab</span> <span class='ocrx_word' id='word_1_201' title='bbox 1111 3679 1318 3745; x_wconf 90' lang='lat' dir='ltr'>oculis</span> <span class='ocrx_word' id='word_1_202' title='bbox 1363 3700 1604 3744; x_wconf 87' lang='lat' dir='ltr'>eorum.</span> <span class='ocrx_word' id='word_1_203' title='bbox 1696 3678 1902 3744; x_wconf 85' lang='lat' dir='ltr'>Facto</span> <span class='ocrx_word' id='word_1_204' title='bbox 1948 3699 2140 3744; x_wconf 81' lang='lat' dir='ltr'>mane</span> <span class='ocrx_word' id='word_1_205' title='bbox 2185 3679 2489 3745; x_wconf 86' lang='lat' dir='ltr'>custodes</span> <span class='ocrx_word' id='word_1_206' title='bbox 2531 3679 2659 3766; x_wconf 89' lang='lat' dir='ltr'>ipsi</span> 
     </span>
     <span class='ocr_line' id='line_1_31' title="bbox 563 3779 2657 3871; baseline -0.001 -22"><span class='ocrx_word' id='word_1_207' title='bbox 563 3784 827 3870; x_wconf 86' lang='lat' dir='ltr'>regibus</span> <span class='ocrx_word' id='word_1_208' title='bbox 889 3788 960 3849; x_wconf 89' lang='lat' dir='ltr'>et</span> <span class='ocrx_word' id='word_1_209' title='bbox 1020 3782 1426 3871; x_wconf 88' lang='lat' dir='ltr'>principibus</span> <span class='ocrx_word' id='word_1_210' title='bbox 1487 3780 1813 3846; x_wconf 81' lang='lat' dir='ltr'>exercitus</span> <span class='ocrx_word' id='word_1_211' title='bbox 1870 3779 2210 3862; x_wconf 85' lang='lat' dir='ltr'>visionem,</span> <span class='ocrx_word' id='word_1_212' title='bbox 2258 3786 2327 3846; x_wconf 89' lang='lat' dir='ltr'>et</span> <span class='ocrx_word' id='word_1_213' title='bbox 2372 3803 2448 3847; x_wconf 87' lang='lat' dir='ltr'>ea</span> <span class='ocrx_word' id='word_1_214' title='bbox 2509 3802 2657 3866; x_wconf 84' lang='lat' dir='ltr'>quae</span> 
     </span>
     <span class='ocr_line' id='line_1_32' title="bbox 564 3882 2655 3969; baseline -0.001 -17"><span class='ocrx_word' id='word_1_215' title='bbox 564 3886 913 3953; x_wconf 83' lang='lat' dir='ltr'>audierant</span> <span class='ocrx_word' id='word_1_216' title='bbox 956 3908 1040 3951; x_wconf 85' lang='lat' dir='ltr'>ex</span> <span class='ocrx_word' id='word_1_217' title='bbox 1086 3907 1196 3949; x_wconf 92' lang='lat' dir='ltr'>ore</span> <span class='ocrx_word' id='word_1_218' title='bbox 1242 3885 1468 3949; x_wconf 87' lang='lat' dir='ltr'>Beatae</span> <span class='ocrx_word' id='word_1_219' title='bbox 1498 3883 1792 3969; x_wconf 87' lang='lat' dir='ltr'>Virginis</span> <span class='ocrx_word' id='word_1_220' title='bbox 1840 3882 2076 3948; x_wconf 83' lang='lat' dir='ltr'>Matris</span> <span class='ocrx_word' id='word_1_221' title='bbox 2106 3882 2376 3948; x_wconf 88' lang='lat' dir='ltr'>Domini</span> <span class='ocrx_word' id='word_1_222' title='bbox 2409 3883 2655 3963; x_wconf 82' lang='lat' dir='ltr'>Mariae,</span> 
     </span>
     <span class='ocr_line' id='line_1_33' title="bbox 562 3984 2661 4075; baseline -0.002 -20"><span class='ocrx_word' id='word_1_223' title='bbox 562 3991 950 4055; x_wconf 88' lang='lat' dir='ltr'>retulerunt.</span> <span class='ocrx_word' id='word_1_224' title='bbox 1061 3987 1317 4073; x_wconf 87' lang='lat' dir='ltr'>Hisque</span> <span class='ocrx_word' id='word_1_225' title='bbox 1360 4010 1478 4075; x_wconf 89' lang='lat' dir='ltr'>per</span> <span class='ocrx_word' id='word_1_226' title='bbox 1521 3986 1883 4052; x_wconf 84' lang='lat' dir='ltr'>exercitum</span> <span class='ocrx_word' id='word_1_227' title='bbox 1930 3985 2229 4071; x_wconf 82' lang='lat' dir='ltr'>cognitis,</span> <span class='ocrx_word' id='word_1_228' title='bbox 2273 3985 2451 4051; x_wconf 83' lang='lat' dir='ltr'>facta</span> <span class='ocrx_word' id='word_1_229' title='bbox 2493 3984 2661 4052; x_wconf 80' lang='lat' dir='ltr'>laeti-</span> 
     </span>
     <span class='ocr_line' id='line_1_34' title="bbox 563 4087 1799 4179; baseline -0.003 -21"><span class='ocrx_word' id='word_1_230' title='bbox 563 4093 664 4160; x_wconf 80' lang='lat' dir='ltr'>tia</span> <span class='ocrx_word' id='word_1_231' title='bbox 707 4114 946 4179; x_wconf 84' lang='lat' dir='ltr'>magna</span> <span class='ocrx_word' id='word_1_232' title='bbox 989 4093 1063 4156; x_wconf 88' lang='lat' dir='ltr'>in</span> <span class='ocrx_word' id='word_1_233' title='bbox 1107 4090 1344 4178; x_wconf 89' lang='lat' dir='ltr'>populo</span> <span class='ocrx_word' id='word_1_234' title='bbox 1407 4087 1799 4155; x_wconf 82' lang='lat' dir='ltr'>Christiano,</span> 
     </span>
     <span class='ocr_line' id='line_1_35' title="bbox 655 4189 2992 4268; baseline -0.002 -9"><span class='ocrx_word' id='word_1_235' title='bbox 655 4195 853 4261; x_wconf 89' lang='lat' dir='ltr'>Nono</span> <span class='ocrx_word' id='word_1_236' title='bbox 916 4200 985 4260; x_wconf 91' lang='lat' dir='ltr'>et</span> <span class='ocrx_word' id='word_1_237' title='bbox 1053 4190 1356 4259; x_wconf 78' lang='lat' dir='ltr'>decimo²</span> <span class='ocrx_word' id='word_1_238' title='bbox 1415 4193 1522 4258; x_wconf 90' lang='lat' dir='ltr'>die</span> <span class='ocrx_word' id='word_1_239' title='bbox 1582 4190 1827 4258; x_wconf 85' lang='lat' dir='ltr'>mensis</span> <span class='ocrx_word' id='word_1_240' title='bbox 1873 4189 2061 4268; x_wconf 82' lang='lat' dir='ltr'>Julii‚</span> <span class='ocrx_word' id='word_1_241' title='bbox 2104 4189 2459 4256; x_wconf 84' lang='lat' dir='ltr'>Saladinus</span> <span class='ocrx_word' id='word_1_242' title='bbox 2502 4191 2661 4257; x_wconf 89' lang='lat' dir='ltr'>fecit</span> <span class='ocrx_word' id='word_1_243' title='bbox 2698 4210 2992 4263; x_wconf 66' lang='lat' dir='ltr'>sulssmo.</span> 
     </span>
    </p>
   </div>
   <div class='ocr_carea' id='block_1_13' title="bbox 564 4274 2995 4385">
    <p class='ocr_par' dir='ltr' id='par_1_13' title="bbox 564 4274 2995 4385">
     <span class='ocr_line' id='line_1_36' title="bbox 564 4274 2995 4385; baseline -0.001 -22"><span class='ocrx_word' id='word_1_244' title='bbox 564 4298 916 4385; x_wconf 79' lang='lat' dir='ltr'>exstirpari</span> <span class='ocrx_word' id='word_1_245' title='bbox 984 4318 1209 4361; x_wconf 86' lang='lat' dir='ltr'>omnes</span> <span class='ocrx_word' id='word_1_246' title='bbox 1283 4296 1512 4362; x_wconf 81' lang='lat' dir='ltr'>vineas</span> <span class='ocrx_word' id='word_1_247' title='bbox 1587 4301 1657 4360; x_wconf 91' lang='lat' dir='ltr'>et</span> <span class='ocrx_word' id='word_1_248' title='bbox 1732 4294 1996 4359; x_wconf 81' lang='lat' dir='ltr'>arbores</span> <span class='ocrx_word' id='word_1_249' title='bbox 2070 4293 2438 4359; x_wconf 84' lang='lat' dir='ltr'>fructiferas</span> <span class='ocrx_word' id='word_1_250' title='bbox 2512 4316 2660 4381; x_wconf 84' lang='lat' dir='ltr'>quae</span> <span class='ocrx_word' id='word_1_251' title='bbox 2685 4274 2995 4369; x_wconf 50' lang='lat' dir='ltr'>gfflffim</span> 
     </span>
    </p>
   </div>
   <div class='ocr_carea' id='block_1_14' title="bbox 564 4377 2973 4491">
    <p class='ocr_par' dir='ltr' id='par_1_14' title="bbox 564 4377 2973 4491">
     <span class='ocr_line' id='line_1_37' title="bbox 564 4377 2973 4491; baseline 0.002 -25"><span class='ocrx_word' id='word_1_252' title='bbox 564 4407 754 4466; x_wconf 86' lang='lat' dir='ltr'>erant</span> <span class='ocrx_word' id='word_1_253' title='bbox 797 4402 867 4466; x_wconf 87' lang='lat' dir='ltr'>in</span> <span class='ocrx_word' id='word_1_254' title='bbox 915 4400 1189 4465; x_wconf 89' lang='lat' dir='ltr'>circuitu</span> <span class='ocrx_word' id='word_1_255' title='bbox 1225 4400 1430 4476; x_wconf 75' lang='lat' dir='ltr'>Acrae,</span> <span class='ocrx_word' id='word_1_256' title='bbox 1476 4403 1546 4463; x_wconf 89' lang='lat' dir='ltr'>et</span> <span class='ocrx_word' id='word_1_257' title='bbox 1588 4402 1973 4491; x_wconf 73' lang='lat' dir='ltr'>caeterarum</span> <span class='ocrx_word' id='word_1_258' title='bbox 2015 4395 2365 4461; x_wconf 67' lang='lat' dir='ltr'>civitatum</span> <span class='ocrx_word' id='word_1_259' title='bbox 2412 4401 2482 4462; x_wconf 68' lang='lat' dir='ltr'>eb</span> <span class='ocrx_word' id='word_1_260' title='bbox 2524 4419 2662 4463; x_wconf 65' lang='grc'><strong>(38.8-</strong></span> <span class='ocrx_word' id='word_1_261' title='bbox 2684 4377 2973 4471; x_wconf 53' lang='grc' dir='ltr'>ῗῧὲιῖιῗὰῗο.</span> 
     </span>
    </p>
   </div>
   <div class='ocr_carea' id='block_1_15' title="bbox 2386 4579 2654 4587">
    <p class='ocr_par' dir='ltr' id='par_1_15' title="bbox 2386 4579 2654 4587">
     <span class='ocr_line' id='line_1_38' title="bbox 2386 4579 2654 4587; baseline 0 1276"><span class='ocrx_word' id='word_1_262' title='bbox 2386 4579 2654 4587; x_wconf 95' lang='lat' dir='ltr'> </span> 
     </span>
    </p>
   </div>
   <div class='ocr_carea' id='block_1_16' title="bbox 2050 4579 2313 4587">
    <p class='ocr_par' dir='ltr' id='par_1_16' title="bbox 2050 4579 2313 4587">
     <span class='ocr_line' id='line_1_39' title="bbox 2050 4579 2313 4587; baseline 0 1276"><span class='ocrx_word' id='word_1_263' title='bbox 2050 4579 2313 4587; x_wconf 95' lang='lat' dir='ltr'> </span> 
     </span>
    </p>
   </div>
   <div class='ocr_carea' id='block_1_17' title="bbox 1379 4580 2383 4588">
    <p class='ocr_par' dir='ltr' id='par_1_17' title="bbox 1379 4580 2383 4588">
     <span class='ocr_line' id='line_1_40' title="bbox 1379 4580 2383 4588; baseline -0.003 -1"><span class='ocrx_word' id='word_1_264' title='bbox 1379 4580 1656 4588; x_wconf 46' lang='grc' dir='ltr'><strong>ἁ-ωῄ...</strong></span> <span class='ocrx_word' id='word_1_265' title='bbox 1679 4581 1706 4586; x_wconf 83' lang='grc'>--</span> <span class='ocrx_word' id='word_1_266' title='bbox 1741 4580 1943 4586; x_wconf 54' lang='grc' dir='ltr'>ψ---</span> <span class='ocrx_word' id='word_1_267' title='bbox 1960 4580 2047 4586; x_wconf 51' lang='grc' dir='ltr'>-ψ--</span> <span class='ocrx_word' id='word_1_268' title='bbox 2322 4581 2383 4586; x_wconf 71' lang='grc'>--</span> 
     </span>
    </p>
   </div>
   <div class='ocr_carea' id='block_1_18' title="bbox 565 4582 1204 4591">
    <p class='ocr_par' dir='ltr' id='par_1_18' title="bbox 565 4582 1204 4591">
     <span class='ocr_line' id='line_1_41' title="bbox 565 4582 1204 4591; baseline -0.003 0"><span class='ocrx_word' id='word_1_269' title='bbox 565 4585 642 4590; x_wconf 31' lang='lat'>--7-</span> <span class='ocrx_word' id='word_1_270' title='bbox 667 4586 734 4591; x_wconf 67' lang='grc'>..-</span> <span class='ocrx_word' id='word_1_271' title='bbox 765 4582 1204 4591; x_wconf 42' lang='grc' dir='ltr'>φα--ψ-μ-Ἧ</span> 
     </span>
    </p>
   </div>
   <div class='ocr_carea' id='block_1_19' title="bbox 561 4676 2660 4908">
    <p class='ocr_par' dir='ltr' id='par_1_19' title="bbox 561 4676 2660 4908">
     <span class='ocr_line' id='line_1_42' title="bbox 632 4676 2660 4747; baseline -0 -13"><span class='ocrx_word' id='word_1_272' title='bbox 632 4683 694 4717; x_wconf 77' lang='lat'>¹⁴·</span> <span class='ocrx_word' id='word_1_273' title='bbox 714 4683 803 4734; x_wconf 89' lang='lat' dir='ltr'>Sic</span> <span class='ocrx_word' id='word_1_274' title='bbox 825 4683 1081 4734; x_wconf 84' lang='lat' dir='ltr'>Dominus</span> <span class='ocrx_word' id='word_1_275' title='bbox 1097 4698 1212 4734; x_wconf 86' lang='lat' dir='ltr'>cum</span> <span class='ocrx_word' id='word_1_276' title='bbox 1229 4680 1560 4746; x_wconf 77' lang='lat' dir='ltr'>adjudicium</span> <span class='ocrx_word' id='word_1_277' title='bbox 1724 4680 1747 4713; x_wconf 74' lang='lat'><strong>²</strong></span> <span class='ocrx_word' id='word_1_278' title='bbox 1780 4676 1930 4732; x_wconf 75' lang='lat' dir='ltr'>Nono</span> <span class='ocrx_word' id='word_1_279' title='bbox 1970 4688 2016 4731; x_wconf 76' lang='lat' dir='ltr'>et</span> <span class='ocrx_word' id='word_1_280' title='bbox 2054 4676 2262 4747; x_wconf 76' lang='lat' dir='ltr'>decimo]</span> <span class='ocrx_word' id='word_1_281' title='bbox 2300 4678 2660 4745; x_wconf 78' lang='lat' dir='ltr'>Nonodecimo,</span> 
     </span>
     <span class='ocr_line' id='line_1_43' title="bbox 563 4760 1722 4826; baseline 0 -14"><span class='ocrx_word' id='word_1_282' title='bbox 563 4770 595 4795; x_wconf 78' lang='lat'>‘⁸</span> <span class='ocrx_word' id='word_1_283' title='bbox 629 4762 827 4814; x_wconf 82' lang='lat' dir='ltr'>venerit</span> <span class='ocrx_word' id='word_1_284' title='bbox 846 4763 1059 4815; x_wconf 68' lang='lat' dir='ltr'>blandus</span> <span class='ocrx_word' id='word_1_285' title='bbox 1075 4763 1225 4826; x_wconf 72' lang='lat' dir='ltr'>justis</span> <span class='ocrx_word' id='word_1_286' title='bbox 1246 4768 1298 4812; x_wconf 81' lang='lat' dir='ltr'>et</span> <span class='ocrx_word' id='word_1_287' title='bbox 1322 4761 1559 4812; x_wconf 85' lang='lat' dir='ltr'>terribilis</span> <span class='ocrx_word' id='word_1_288' title='bbox 1660 4760 1722 4813; x_wconf 89' lang='lat' dir='ltr'>B.</span> 
     </span>
     <span class='ocr_line' id='line_1_44' title="bbox 561 4841 1557 4908; baseline -0.002 -15"><span class='ocrx_word' id='word_1_289' title='bbox 561 4847 595 4873; x_wconf 91' lang='lat'>“</span> <span class='ocrx_word' id='word_1_290' title='bbox 630 4844 888 4908; x_wconf 78' lang='lat' dir='ltr'>apparebit</span> <span class='ocrx_word' id='word_1_291' title='bbox 902 4842 1152 4906; x_wconf 85' lang='lat' dir='ltr'>injustis.”</span> <span class='ocrx_word' id='word_1_292' title='bbox 1185 4842 1288 4894; x_wconf 83' lang='lat' dir='ltr'>Ins.</span> <span class='ocrx_word' id='word_1_293' title='bbox 1299 4841 1557 4893; x_wconf 83' lang='lat' dir='ltr'>Hovedeu.</span> 
     </span>
    </p>
   </div>
   <div class='ocr_carea' id='block_1_20' title="bbox 737 4932 2397 4991">
    <p class='ocr_par' dir='ltr' id='par_1_20' title="bbox 737 4932 2397 4991">
     <span class='ocr_line' id='line_1_45' title="bbox 737 4932 2397 4991; baseline -0.003 0"><span class='ocrx_word' id='word_1_294' title='bbox 737 4938 886 4991; x_wconf 83' lang='lat' dir='ltr'>VOL.</span> <span class='ocrx_word' id='word_1_295' title='bbox 933 4940 1006 4990; x_wconf 89' lang='lat'>11.</span> <span class='ocrx_word' id='word_1_296' title='bbox 1802 4932 1805 4936; x_wconf 62' lang='grc'><strong>’</strong></span> <span class='ocrx_word' id='word_1_297' title='bbox 2340 4937 2397 4986; x_wconf 77' lang='grc' dir='ltr'><strong>Μ</strong></span> 
     </span>
    </p>
   </div>
  </div>
 </body>
</html>
