3585 5863
1339 941 1628 991 mmmm
1675 943 1991 993 snouNm.
2632 932 2718 996 65

282 1111 531 1212 &3⁶2⁹
629 1112 671 1222 ζ’
709 1116 886 1183 prout
919 1112 1102 1184 regim
1137 1112 1353 1251 gllloriael
1380 1115 1652 1253 conffinit
1687 1120 1748 1170 et
1771 1114 1970 1180 saluti,
2000 1115 2126 1169 siue
2158 1114 2437 1171 dilatione
2474 1114 2722 1254 salagri-
2779 1124 3021 1221 Δὲἓόιῗέε.

427 1197 441 1210 “
653 1198 668 1222 ‘
709 1204 800 1251 ter
876 1204 1037 1251 areat
1072 1203 1133 1252 et
1210 1197 1332 1251 umi
1361 1197 1472 1253 iter
1618 1199 1876 1265 uiescat;
1917 1216 1985 1253 ac
2018 1200 2034 1253 i
2082 1217 2212 1253 sum
2238 1218 2269 1253 e
2313 1201 2433 1254 isco
2472 1217 2574 1255 um
2640 1201 2721 1254 io·
2902 1209 2913 1220 ·

628 1282 669 1307 “
709 1215 891 1335 coaiz
928 1280 1127 1336 Sancti
1163 1280 1415 1337 Andreas
1452 1282 1514 1336 in
1548 1217 1692 1354 pexi-ce
1728 1218 2310 1354 permittatphaberelf
2346 1218 2480 1343 cmii
2517 1301 2587 1338 ex
2624 1237 2919 1339 de,ff,¹.<¹121¹.’„⁰
2940 1291 3047 1335 hem

626 1366 665 1393 ‘⁸
703 1363 826 1421 bito
860 1365 1043 1436 regiae
1080 1365 1385 1437 diguitatis
1422 1366 1700 1421 ecclesias
1735 1372 2008 1422 teneatur
2043 1384 2178 1422 cum
2213 1367 2547 1439 pastoribus
2598 1368 2722 1423 suis
2746 1341 3026 1443 ξῖἒῗῗῃῗὶο

629 1451 668 1476 “
705 1466 826 1508 non
855 1448 1197 1521 dispergere
1233 1449 1338 1505 sed
1372 1450 1591 1516 fovere,
1629 1467 1747 1505 non
1781 1454 2151 1507 contemnere
2198 1451 2303 1507 sed
2352 1469 2567 1517 amare,
2608 1468 2723 1508 non
2746 1441 2941 1494 mm!-

630 1534 668 1560 ‘⁶
707 1533 982 1604 persequi
1020 1532 1125 1587 sed
1159 1532 1334 1589 tueri.
1428 1531 1598 1602 Quod
1632 1533 1685 1588 si
1721 1533 1960 1590 monitis
1997 1533 2334 1606 apostolicis
2369 1535 2434 1589 in
2468 1536 2721 1608 propriae

628 1615 670 1642 “
708 1616 915 1673 salutis
963 1616 1311 1688 periculum,
1355 1616 1514 1688 quod
1550 1616 1723 1682 absit,
1763 1616 2000 1674 duxerit
2039 1617 2452 1683 resistendum,
2491 1620 2556 1674 in
2589 1637 2723 1690 reg-

628 1700 668 1726 “
705 1717 846 1753 num
883 1718 1004 1755 suoe
1041 1699 1409 1756 celsitudinis
1444 1705 1508 1755 et
1539 1717 1851 1772 personam
1886 1718 2055 1756 suam
2097 1707 2159 1758 et
2207 1718 2408 1758 omnes
2465 1703 2722 1758 fautores

627 1784 667 1810 ‘⁶
706 1800 843 1839 suos
877 1783 1076 1855 regios
1112 1783 1402 1839 nuncietis
1437 1783 1736 1839 interdicti
1773 1785 2138 1851 sententiam,
2165 1785 2323 1840 infra
2355 1785 2568 1857 viginti
2595 1786 2722 1841 dies

628 1869 667 1894 ‘⁶
705 1867 832 1921 sine
867 1866 1274 1940 appellationis
1323 1866 1644 1933 obstaculo,
1698 1869 2046 1925 auctoritate
2098 1868 2419 1940 apostolica
2469 1887 2507 1926 a
2554 1870 2722 1927 vobis

627 1952 667 1978 “
705 1950 1226 2023 promulgandam3
1297 1950 1434 2006 illos
1488 1950 1730 2023 insuper
1784 1952 1889 2023 qui
1939 1952 2185 2023 Hugoni
2236 1952 2573 2009 obedientes
2627 1971 2722 2009 ex·

626 2037 665 2061 “
704 2036 994 2100 stiterunt,
1021 2042 1084 2091 et
1117 2035 1174 2091 ei
1210 2035 1532 2092 fomentum
1565 2034 1630 2090 in
1666 2052 1774 2091 sua
1810 2035 2197 2092 obstinatione
2233 2035 2538 2102 dederunt,
2565 2044 2721 2109 post-

624 2120 665 2146 “
705 2137 878 2189 quam
939 2119 1107 2176 sedes
1168 2119 1490 2192 apostolica
1547 2136 1584 2174 a
1629 2118 1850 2175 diocesi
1907 2118 2107 2175 Sancti
2154 2119 2411 2175 Andreae
2469 2123 2725 2179 removit

622 2203 663 2229 “
701 2209 1000 2275 perpetuo,
1052 2209 1114 2260 et
1162 2202 1773 2260 excommunicationis
1827 2203 2175 2260 sententiam
2229 2205 2291 2258 in
2340 2205 2536 2275 ipsum
2590 2223 2723 2276 pro-

623 2289 663 2315 “
699 2288 1008 2360 mulgavit,
1048 2288 1231 2344 simili
1273 2286 1564 2342 sententia
1597 2286 1971 2358 percellatis3
2011 2294 2073 2342 et
2106 2285 2340 2358 publice
2375 2289 2720 2345 nunciantes

623 2373 664 2400 ‘⁶
701 2389 801 2427 eos
854 2370 1437 2428 excommunicationi
1471 2369 1711 2426 subesse
1762 2370 1990 2425 tamdiu
2040 2371 2290 2435 faciatis,
2345 2378 2405 2426 et
2457 2372 2531 2428 ab
2584 2373 2720 2429 aliis

622 2457 663 2483 ‘⁴
699 2456 920 2512 arctius
956 2455 1186 2520 evitari,
1225 2456 1408 2511 donec
1444 2453 1519 2509 ad
1552 2454 1894 2509 mandatum
1930 2453 2195 2509 ecclesiae
2225 2460 2601 2511 revertantur
2623 2456 2723 2511 ab·

621 2534 661 2567 ‘⁶
698 2539 1004 2596 solutionis
1039 2538 1386 2597 beneficium
1422 2537 1496 2593 ab
1531 2536 1734 2592 eodem
1784 2536 2057 2609 episcopo
2107 2536 2370 2608 petituri.
2445 2538 2543 2594 Ad
2594 2538 2721 2594 hoec
2743 2558 2956 2606 whom

618 2625 659 2651 ‘⁶
696 2623 980 2680 altaribus
1004 2630 1064 2679 et
1085 2622 1385 2687 calicibus,
1412 2620 1475 2676 in
1500 2619 1712 2692 quibus
1729 2621 1857 2691 jam
1881 2619 2074 2676 dictus
2097 2619 2280 2692 Engo
2314 2621 2457 2677 dnm
2478 2627 2637 2678 esset
2658 2623 2720 2677 in
2743 2610 2981 2713 ffissffihss
2996 2666 3048 2708 to

620 2709 660 2734 “
698 2705 1293 2763 excommunicatione
1354 2704 1580 2777 positus
1634 2703 1975 2768 celebravit,
2034 2703 2497 2776 purificationem
2550 2705 2721 2776 juxta
2742 2711 2802 2754 be
2817 2714 3057 2778 annullati.

620 2793 661 2818 ‘⁸
699 2789 1179 2848 consuetudinem
1235 2788 1502 2849 ecclesioe
1562 2787 1899 2843 conferatis.
1975 2785 2072 2842 Ad
2124 2787 2437 2843 ecclesiam
2486 2805 2718 2860 quoquc

620 2877 662 2903 ‘⁸
701 2874 901 2931 Sancti
958 2874 1211 2930 Andreae
1283 2872 1503 2946 pariter
1567 2870 1881 2946 accedatis,
1938 2876 2000 2926 et
2053 2870 2337 2926 fratribus
2387 2874 2719 2928 convocatis

626 2963 666 2988 “
704 2960 766 3015 in
797 2978 1000 3026 unum,
1039 2958 1272 3015 intretis
1307 2955 1648 3028 capitulum,
1688 2962 1750 3011 ct
1784 2954 1857 3011 de
1900 2955 2260 3011 ordinatione
2312 2961 2373 3012 et
2420 2963 2580 3013 statu
2629 2975 2721 3014 ec·

625 3046 665 3072 ‘⁴
703 3044 900 3100 clesiae
923 3043 1273 3118 diligentius
1309 3040 1644 3112 inquiratis,
1675 3045 1736 3095 et
1769 3040 1822 3095 si
1849 3038 1992 3111 quid
2029 3039 2092 3094 in
2127 3040 2373 3096 eandem
2409 3040 2719 3097 ecclesiam

624 3131 665 3156 “
702 3146 807 3200 per
854 3127 1258 3201 supradictum
1307 3125 1625 3195 Hugonem
1672 3123 2048 3179 immutatum
2091 3124 2435 3180 inveneritis
2471 3126 2568 3181 vel
2605 3131 2720 3181 sta·

625 3214 666 3240 '⁸
702 3217 915 3280 tutum,
955 3212 1302 3268 auctoritate
1348 3215 1551 3270 nostra
1589 3208 1653 3264 id
1699 3208 1762 3263 in
1816 3212 2033 3264 statum
2087 3207 2353 3264 debitum
2401 3208 2715 3265 inducatis.

624 3299 665 3324 “
703 3297 782 3352 Et
815 3298 867 3353 si
909 3295 1053 3369 quid
1097 3296 1161 3351 in
1205 3295 1337 3366 ipsa
1389 3292 1639 3348 ecclesia
1686 3291 1871 3347 fuerit
1922 3291 2357 3361 corrigendum,
2410 3292 2720 3350 efficaciter

623 3384 664 3410 “
703 3381 984 3437 studeatis
1010 3379 1073 3435 id
1106 3379 1169 3434 in
1201 3377 1416 3433 melius
1451 3376 1803 3432 reformare:
1846 3375 1897 3430 si
1919 3392 2081 3439 vere,
2110 3375 2265 3447 quod
2289 3376 2462 3443 absit,
2489 3377 2717 3448 aliquos

624 3469 664 3494 “
702 3483 774 3520 ex
809 3464 1102 3521 canonicis
1138 3462 1213 3517 ad
1246 3459 1647 3531 recipiendum
1697 3457 2003 3514 humiliter
2052 3464 2113 3513 et
2163 3458 2371 3514 devote
2422 3466 2717 3532 pastorem

623 3551 669 3604 “.
703 3565 877 3604 suum
911 3546 1258 3620 praedictum
1294 3544 1471 3600 duros
1507 3542 1852 3598 inveneritis
1887 3547 1949 3597 et
1982 3541 2253 3607 rebelles,
2283 3559 2382 3598 eos
2409 3543 2717 3600 instantius
2785 3557 2846 3602 ro.
2862 3563 2938 3604 1³⁸
2960 3566 3017 3603 ιο.

623 3637 662 3662 “
700 3632 1006 3699 moneatis,
1045 3636 1113 3686 ut
1146 3629 1236 3685 illi
1273 3626 1665 3683 reverentiam
1702 3630 1762 3682 et
1809 3623 2199 3680 obedientiam
2252 3625 2407 3696 patri
2460 3625 2717 3682 debitam

622 3719 662 3746 ‘⁸
701 3715 1027 3779 exhibeant,
1068 3718 1130 3770 et
1163 3730 1200 3768 a
1232 3712 1493 3784 maligno
1539 3716 1717 3782 atque
1764 3707 2084 3764 damnabili
2128 3709 2430 3780 proposito
2477 3727 2585 3765 suo
2620 3710 2720 3766 de-

553 3861 562 3870 ,
623 3803 662 3828 “
701 3800 930 3855 sistant.
1005 3796 1174 3867 Quod
1208 3796 1262 3852 si
1297 3800 1666 3852 contumaces
1716 3791 2067 3856 exstiterint,
2108 3808 2207 3847 eos
2261 3791 2334 3847 ab
2390 3793 2577 3847 officio
2613 3811 2719 3849 suo

623 3886 660 3911 “
699 3884 921 3955 pariter
944 3888 1008 3938 et
1026 3878 1306 3936 beneficio
1330 3877 1721 3950 suspendatis,
1748 3881 1811 3933 et
1833 3875 2447 3933 excommunicationis
2484 3877 2719 3932 vinculo

624 3971 662 3997 ‘⁴
701 3966 1012 4031 innodetis,
1053 3981 1169 4038 qua
1203 3963 1361 4035 ipsos
1412 3962 1639 4017 faciatis
1693 3977 1932 4016 manere
1979 3959 2196 4031 ligatos
2249 3959 2432 4015 donec
2478 3961 2717 4017 monitis

623 4055 662 4081 “
701 4055 761 4108 et
791 4050 1083 4107 mandatis
1119 4046 1534 4104 ecclesiasticis
1570 4046 1961 4116 acquiescant.
2053 4043 2221 4113 Quod
2274 4043 2327 4100 si
2375 4062 2575 4101 omnes
2623 4045 2716 4101 his

622 4140 663 4168 ‘⁴
701 4132 1085 4207 exsequendis
1144 4132 1430 4188 interesse
1488 4129 1895 4200 nequiveritis,
1952 4127 2168 4199 reliqui
2223 4145 2293 4183 ea
2338 4127 2717 4185 nihilominus

623 4224 665 4251 “
704 4216 1158 4292 exsequantur.’'
1184 4215 1201 4249 ¹

249 4379 510 4432 nereum,
709 4361 887 4428 Dato
932 4361 1162 4447 itaque
1205 4356 1587 4445 episcopatu
1649 4352 1881 4420 Sancti
1940 4352 2230 4418 Andreae
2278 4351 2537 4438 Rogero
2580 4352 2719 4420 filio
2744 4361 2886 4456 fflffi
2903 4363 2995 4458 οἴῃ

246 4434 348 4478 878.
363 4443 411 4476 a.
429 4437 504 4477 11.
2877 4425 2962 4466 urg

612 4463 875 4532 comitis
948 4460 1342 4541 Leicestriae‚
1431 4456 1804 4526 Willelmus
1893 4477 2014 4521 rex
2102 4454 2446 4521 Scotorum
2536 4455 2723 4523 dedit
2745 4464 2878 4507 mado
2893 4465 3032 4509 chan·

687 4806 706 4839 ¹
740 4810 772 4834 “
789 4803 980 4856 Datum
1013 4802 1166 4863 Pisae,
1202 4800 1353 4851 κνίἰο.
1388 4797 1491 4850 kal.
1523 4798 1622 4848 Fe·
1710 4795 1979 4847 Hoveden.
2047 4792 2106 4843 If
2136 4790 2240 4843 this
2278 4791 2394 4843 date
2430 4790 2476 4842 is
2511 4796 2720 4851 correct,

616 4890 653 4915 ‘⁸
685 4882 896 4942 brun-ii,
918 4881 1206 4934 Indictione
1220 4878 1418 4933 sexta.”
1484 4877 1624 4930 Aac.
1710 4875 1799 4927 the
1827 4875 1971 4925 letter
1992 4873 2207 4937 belongs
2229 4879 2282 4923 to
2309 4875 2453 4922 118⁸.

800 4978 952 5029 voL.
1000 4978 1077 5029 11.
2412 4968 2458 5016 Β
