3585 5863
356 1284 607 1340 novacen,

358 1337 521 1383 mb-
539 1342 604 1419 ql.
708 1350 748 1377 u

708 1434 748 1461 “
787 1431 1109 1503 apostolica
1143 1430 1283 1487 sede
1317 1448 1523 1502 preces
1560 1431 1825 1503 suscepit
1844 1432 2067 1504 regalis
2103 1432 2467 1489 excellentioe
2489 1432 2805 1489 auctoritas
2832 1428 2882 1468 ω
2897 1424 3073 1478 ⁰⁰¹¹¹P⁶¹

358 4054 606 4152 3¹83:

1417 825 1712 876 numm
1755 825 2071 877 sscunm.
2717 809 2806 883 5⁹7

808 1048 1080 1122 Epistola
1116 1047 1415 1105 Clementis
1442 1066 1615 1121 papoe
1649 1048 1729 1105 ad
1761 1048 2081 1106 Henrioum
2114 1065 2295 1120 reqem
2327 1048 2555 1122 Anqlioe
2580 1068 2692 1123 pro
2868 1063 3111 1111 A.D.ues.

1047 1130 1306 1188 Johcmne
1341 1131 1594 1205 episcopo
1629 1131 1833 1191 Sancti
1864 1131 2108 1189 Andreas
2144 1131 2211 1188 de
2245 1131 2456 1192 Scotia.
2891 1115 2999 1161 ³⁸¹²·
3015 1121 3079 1162 ¹⁶·

778 1267 818 1291 ‘⁸
858 1262 1131 1320 Clemens
1184 1262 1515 1335 episcopus,
1580 1280 1788 1321 servus
1850 1280 2157 1320 servorum
2193 1263 2326 1331 Dei,
2390 1263 2615 1320 illustri
2672 1264 2805 1337 regi
2830 1269 3141 1316 elomentnl.

784 1347 1043 1419 Angliae,
1098 1346 1350 1402 salutem
1402 1352 1465 1403 et
1512 1347 1897 1419 apostolicam
1945 1347 2431 1405 benedictionem.
2531 1348 2683 1405 Cum
2733 1349 2806 1405 ab
2829 1326 3079 1427 ἳὲἒζῗι,

2830 1475 3133 1519 Willismthe

708 1518 749 1544 ‘³
787 1522 849 1571 et
881 1519 1157 1588 potestas,
1199 1511 1373 1587 [quas
1421 1512 1718 1587 ecclesiis]
1756 1515 1821 1571 in
1855 1533 1962 1572 suo
1999 1522 2158 1573 statu
2195 1516 2519 1583 servandis,
2560 1523 2623 1573 et
2655 1517 2804 1572 mul·
2830 1525 3013 1570 monto
3037 1526 3145 1570 nub-

2830 1577 3083 1621 mittotho

708 1602 748 1629 ‘³
784 1604 984 1655 torum
1020 1597 1200 1654 saluti
1236 1598 1475 1670 expedit
1508 1598 1743 1655 effectui
1796 1599 2165 1673 mancipar03
2216 1600 2537 1673 diligenter
2573 1619 2673 1657 eas
2710 1600 2808 1656 de-
2831 1626 3037 1671 decisioni
3052 1629 3105 1671 of

705 1684 746 1711 ‘⁶
783 1682 888 1738 bet
920 1682 1091 1754 regia
1126 1681 1459 1738 sublimitas
1495 1681 1795 1747 exaudire,
1835 1690 1897 1739 et
1930 1689 2094 1740 tanto
2136 1685 2349 1741 fortius
2385 1691 2448 1741 et
2480 1685 2806 1742 ferventius
2831 1677 2914 1721 the
2926 1677 3144 1730 3⁰15ssoe

2831 1728 3049 1772 astothe

705 1768 745 1795 ‘⁸
785 1766 1110 1831 intendere,
1149 1772 1219 1821 ut
1251 1766 1528 1822 effectum
1543 1826 1548 1833 ,
1563 1772 1998 1838 consequantur
2021 1774 2306 1840 optatum,
2345 1776 2563 1840 quanto
2586 1769 2806 1825 certius
2830 1777 2996 1831 hishop
3011 1780 3065 1823 or

704 1854 744 1878 “
785 1850 969 1907 fuerit
1003 1849 1162 1922 quod
1197 1867 1401 1906 earum
1436 1849 1651 1907 devota
1685 1852 1985 1923 susceptio
2020 1859 2083 1908 et
2116 1851 2376 1925 diligens
2412 1854 2680 1909 executio
2714 1871 2807 1908 re-

703 1936 745 1962 “
784 1934 980 2006 galem
1017 1931 1323 2006 [gloriam]
1363 1935 1613 2007 respicit
1649 1934 1873 2007 pariter
1909 1940 1972 1990 et
2006 1934 2277 1991 salutem.
2352 1936 2512 1992 Hinc
2535 1942 2629 1992 est
2651 1935 2809 2009 quod

703 2021 744 2046 ‘⁴
781 2017 1085 2073 serenitati
1107 2023 1341 2083 vestroe,
1381 2035 1489 2089 pro
1510 2017 1840 2074 venerabili
1874 2019 2059 2075 fratre
2083 2024 2284 2076 nostro
2307 2019 2582 2092 episcopo
2608 2019 2807 2076 Sancti
2872 2050 2879 2057 -

703 2104 744 2129 ‘⁸
780 2100 1056 2167 Andreas,
1094 2099 1328 2157 litteras
1364 2101 1719 2174 apostolicas
1755 2109 1819 2158 et
1851 2118 2060 2174 preces
2107 2101 2385 2160 duximus
2421 2120 2557 2159 cum
2594 2102 2810 2159 fiducia

698 2187 740 2213 ‘⁶
776 2183 1175 2250 destinandas,
1203 2184 1579 2240 altitudinem
1611 2185 1838 2258 regalis
1875 2185 2209 2242 eminentia>
2244 2191 2465 2258 quanta
2495 2203 2808 2258 possumus

703 2272 742 2297 ‘⁶
781 2268 1088 2324 affectione
1128 2274 1428 2341 rogantes,
1480 2276 1807 2336 monentes,
1847 2275 2027 2342 atque
2064 2270 2128 2326 in
2161 2270 2570 2327 remissionem
2604 2288 2808 2343 pecca·

702 2355 742 2381 ‘⁸
778 2358 975 2409 torum
1011 2353 1276 2409 omnium
1310 2352 1710 2425 injungentes,
1766 2359 2060 2424 quatenus
2107 2371 2217 2426 pro
2268 2354 2603 2412 reverentia
2648 2353 2806 2410 beati

702 2439 742 2466 ‘⁸
779 2436 950 2492 Petri
987 2442 1048 2492 et
1082 2442 1304 2503 nostra,
1344 2442 1408 2492 et
1439 2436 1867 2509 persecutionis
1904 2437 2034 2508 ejus
2070 2436 2327 2505 obtentu,
2368 2456 2544 2510 quam
2579 2443 2807 2494 certum

702 2524 743 2549 ⁸⁸
779 2525 874 2576 est
923 2518 1123 2591 ipsum
1168 2519 1297 2592 jam
1349 2520 1529 2592 longo
1581 2526 1849 2592 tempore
1908 2520 2249 2592 pertulisse,
2311 2521 2685 2578 carissimum
2744 2520 2808 2577 in

702 2607 743 2634 ‘⁸
781 2602 1021 2660 Christo
1055 2602 1247 2659 fllium
1280 2609 1553 2659 nostrum
1575 2602 1965 2667 willelmum,
2006 2603 2303 2684 illustrem
2336 2621 2543 2675 regem
2569 2603 2803 2669 Scotiae,

701 2690 744 2716 “
781 2705 1020 2744 moneas
1068 2687 1351 2745 attentius
1389 2692 1451 2744 et
1484 2686 1748 2752 inducas,
1807 2694 1869 2744 et
1916 2688 1969 2743 si
2021 2705 2265 2744 necesse
2315 2689 2517 2755 suerit,
2574 2688 2809 2745 distric-

727 2774 743 2799 ‘
780 2771 941 2828 tione
975 2771 1169 2843 regali
1205 2788 1324 2842 qua
1358 2771 1415 2826 ei
1451 2771 1821 2843 praeemincs,
1861 2778 1924 2827 et
1958 2789 2239 2828 concessa
2259 2778 2378 2829 tuae
2411 2772 2599 2845 regioe
2633 2772 2806 2829 celsi-

703 2856 743 2884 “
781 2852 976 2911 tudini
1021 2859 1314 2927 potestate
1361 2853 1702 2926 compellas,
1740 2859 1812 2911 ut
1845 2855 2029 2911 totius
2064 2854 2485 2928 indignationis
2522 2874 2645 2913 suse
2677 2874 2811 2913 ran·

704 2942 742 2968 ‘⁴
779 2955 993 3004 ocrem,
1051 2956 1230 3011 quam
1263 2938 1425 2995 circa
1458 2939 1800 3011 episcopum
1846 2938 2042 3011 ipsum
2098 2941 2384 3013 concepit,
2442 2941 2810 3012 quorundam

705 3025 746 3052 ‘⁸
783 3022 1013 3079 malitia
1066 3039 1476 3089 susurronum,
1529 3022 1759 3094 regiam
1809 3022 2161 3096 dignitatem
2218 3031 2281 3080 et
2329 3024 2589 3081 salubria
2634 3043 2811 3098 opera

705 3109 748 3135 “
783 3105 1028 3180 pietatis
1079 3105 1408 3172 attendens,
1462 3105 1520 3162 ei
1569 3105 1838 3177 qualibet
1886 3108 2191 3164 occasione
2226 3114 2457 3165 remota
2502 3108 2807 3176 condonet,

706 3194 746 3219 ‘⁸
785 3197 847 3247 et
880 3190 1166 3247 diocesim
1193 3190 1396 3247 Sancti
1417 3189 1692 3257 Andreae,
1731 3208 1913 3262 quam
1947 3190 2022 3246 de
2059 3193 2357 3249 communi
2392 3193 2643 3249 fratrum
2680 3211 2813 3248 con-

707 3277 745 3304 “
788 3275 923 3331 silio
960 3280 1022 3330 et
1055 3292 1321 3340 assensu,
1362 3291 1630 3330 summus
1664 3275 1926 3346 pontifex
1963 3274 2079 3330 sibi
2114 3283 2400 3347 perpetuo
2424 3277 2808 3342 confirmavit,

708 3363 748 3388 ‘³
784 3358 859 3415 de
894 3364 1111 3415 caetero
1145 3360 1344 3434 ipsum
1380 3357 1579 3430 quiete
1616 3358 1943 3430 permittat,
1983 3363 2045 3413 et
2077 3359 2302 3432 absque
2350 3359 2646 3416 calumnia
2678 3379 2809 3434 pos-

708 3447 746 3472 “
787 3442 1018 3509 sidere;
1057 3460 1195 3498 cum
1230 3447 1293 3497 et
1327 3441 1456 3513 ipse
1491 3446 1733 3513 paratus
1771 3441 1988 3496 existat
2034 3443 2221 3513 regioe
2274 3441 2592 3513 majestati,
2637 3451 2814 3516 prout

709 3530 750 3557 ‘⁸
789 3527 974 3584 fuerit
1020 3532 1477 3582 consentaneum
1524 3525 1760 3591 rationi,
1800 3524 2053 3581 existere
2102 3525 2167 3581 in
2216 3526 2486 3584 omnibus
2536 3527 2810 3584 obediens

712 3614 753 3640 ‘⁴
792 3616 853 3668 et
884 3610 1098 3668 fidelis.
1168 3608 1445 3667 Valete.''
1467 3607 1485 3643 ²

2833 1830 2878 1873 Β.
2892 1830 3130 1876 Andron

750 3828 791 3854 “
825 3824 1094 3898 Epistola
1128 3824 1347 3881 domini
1371 3841 1543 3897 papoe
1580 3824 1901 3891 Clementi&
1939 3823 2205 3881 universo
2252 3824 2399 3880 clero
2444 3823 2796 3897 episcopatus

983 3909 1183 3967 Sancti
1215 3908 1458 3966 Andreae
1491 3909 1559 3965 in
1593 3909 1805 3975 Scotia,
1837 3927 1946 3981 pro
1981 3908 2242 3965 Johaame
2277 3908 2547 3981 episcopo.

787 4040 825 4065 ‘⁴
864 4037 1137 4094 Clemens
1191 4031 1526 4111 episcopus,
1581 4055 1790 4093 servus
1828 4054 2134 4093 servorum
2171 4036 2304 4102 Dei,
2342 4035 2621 4093 universo
2655 4036 2814 4093 clero
2899 4055 3007 4101 sm,
3023 4059 3088 4102 1⁶.

714 4124 754 4151 “
793 4121 1162 4194 episcopatus
1201 4121 1403 4177 Sancti
1436 4119 1712 4186 Audi-em,
1742 4121 1997 4177 salutem
2033 4126 2094 4175 et
2128 4120 2511 4191 apostolicam
2545 4120 2815 4177 benedic·
2837 4120 3148 4165 Clementlll.
3212 4171 3219 4180 .

2837 4172 3061 4215 writesto

714 4209 754 4234 ‘⁸
791 4205 1028 4262 tionem.
1101 4205 1271 4261 Licet
1303 4206 1369 4261 in
1402 4204 1579 4260 rebus
1615 4204 1815 4260 dubiis
1840 4204 2074 4260 valeant
2110 4204 2297 4277 aliqui
2333 4222 2502 4260 suam
2536 4206 2813 4262 astutiam
2835 4222 2918 4266 the
2935 4222 3086 4275 cleu-35
3102 4223 3155 4265 or

714 4291 754 4317 ‘⁸
793 4305 901 4344 seu
949 4288 1242 4344 malitiam
1295 4287 1645 4344 adumbrare
1674 4310 1689 4356 3
1747 4305 1885 4344 cum
1938 4293 2138 4343 tamen
2174 4289 2490 4362 scrupulus
2526 4289 2708 4345 fuerit
2754 4295 2817 4345 et
2838 4272 2882 4316 ⁸·
2900 4272 3136 4317 Androm.

714 4375 754 4401 ‘⁸
793 4372 1079 4429 articulus
1103 4372 1422 4429 dubietatis
1447 4379 1698 4439 amotus,
1725 4379 1788 4428 et
1811 4365 2140 4428 ma‘nifestis
2167 4371 2402 4429 indiciis
2439 4373 2816 4446 apparuerint

715 4457 755 4485 ‘⁸
791 4457 1051 4529 vestigia
1070 4456 1362 4523 veritatis,
1400 4457 1641 4529 penitus
1678 4460 1819 4513 sunt
1852 4456 2026 4513 devia
2058 4456 2449 4527 relinquenda
2482 4463 2544 4512 et
2574 4458 2815 4514 rectitu-

780 4680 796 4713 ¹
832 4680 1076 4733 Hoveden
1098 4682 1224 4732 adds
1254 4681 1341 4733 the
1374 4682 1508 4744 date,
1544 4685 1578 4710 ‘⁸
1594 4681 1786 4733 Datum
1822 4680 1973 4742 Pium,
1996 4679 2149 4732 xvii⁰.
2173 4680 2504 4733 kalendarum
2539 4682 2822 4742 Februarii,

712 4766 741 4790 ‘⁶
777 4759 1054 4812 indictione
1076 4760 1276 4813 sexta.’'
