3585 5863
1390 878 1688 929 numum
1733 877 2049 930 suomi
2692 865 2777 929 25

333 1063 579 1161 ἓξὲξ-(13»
770 1051 971 1118 Unde
996 1050 1250 1118 factum
1281 1053 1384 1117 est
1414 1051 1590 1137 quod
1619 1051 1819 1119 multi
1842 1051 2383 1133 Christianorum,
2405 1052 2521 1139 qui
2548 1051 2785 1118 acriter
2843 1064 2956 1111 AJ).
2967 1064 3096 1110 11⁸⁷:

675 1154 1069 1221 restiterunt
1112 1153 1474 1234 Saracenis,
1521 1154 1790 1221 castella
1852 1158 1922 1221 et
1983 1155 2216 1222 casella
2258 1178 2457 1242 quam
2501 1155 2788 1242 plurima

679 1257 1109 1323 reddiderunt
1153 1255 1486 1324 Saladino,

756 1360 1115 1427 saladinus
1146 1380 1308 1426 vero
1344 1358 1567 1425 omnia
1596 1379 1745 1444 quae
1773 1364 2049 1447 ceperat,
2082 1364 2223 1426 tam
2255 1361 2561 1428 civitates
2591 1381 2789 1447 quam
2813 1369 3004 1414 &ludin

680 1462 948 1529 ⁰⁸⁸¹⁵⁰U⁸
990 1461 1177 1528 ‘¹0³st
1232 1461 1795 1529 ⁰⁰mmffiss0111b11³
1826 1461 2002 1545 ⁵¹1i⁸3
2045 1467 2309 1529 retenta
2336 1463 2464 1530 sibi
2491 1467 2786 1529 tantum-
2811 1420 3088 1515 ῗέῗὲξῗεξὲο

681 1564 877 1630 modo
936 1564 1120 1651 regia
1192 1563 1527 1651 dignitate
1594 1567 1664 1630 et
1714 1563 2000 1650 justitia.
2090 1565 2297 1631 Dedit
2358 1566 2584 1653 itaque
2647 1564 2786 1630 filio
2812 1521 3072 1617 ῗῖῃῦἷῖἷὲδ

681 1688 800 1732 suo
846 1666 1190 1732 civitatem
1219 1664 1483 1747 Acram,
1537 1669 1606 1732 et
1653 1670 1868 1732 totam
1911 1667 2476 1755 circumjacentem
2520 1667 2786 1754 provin-

682 1769 868 1833 ciam.
960 1767 1112 1848 Qui,
1155 1768 1446 1833 maximo
1491 1773 1888 1856 congregato
1931 1770 2243 1851 exercitu,
2310 1769 2642 1859 profectus
2686 1773 2789 1835 est

681 1892 909 1936 versus
953 1869 1296 1935 civitatem
1341 1869 1424 1934 de
1488 1868 1636 1949 Sur,
1678 1871 1912 1936 volens
1957 1871 2253 1937 obsidere
2312 1893 2475 1940 eam.
2582 1871 2788 1957 Cujus

681 1974 976 2039 adventu
1021 1972 1491 2058 praenunciatO,
1541 1972 1884 2039 Com-adas
1929 1973 2108 2039 filius
2137 1973 2455 2040 Willelmi
2502 1974 2789 2039 Marchis

682 2074 766 2140 de
833 2074 1068 2141 Monte
1146 2073 1491 2151 Fen-aunt,
1570 2076 1687 2161 qui
1754 2077 2030 2142 eandem
2093 2076 2435 2142 civitatem
2502 2076 2584 2141 de
2659 2075 2790 2141 Sur
2812 2097 2930 2150 'syre
2946 2097 3021 2141 ‹10-

680 2176 845 2243 bene
896 2176 1227 2242 munierat
1270 2176 1649 2242 hominibus
1695 2177 2019 2244 bellicosis
2063 2182 2134 2244 et
2176 2179 2377 2244 armis
2420 2182 2491 2244 et
2536 2179 2786 2245 victua-
2815 2149 3067 2243 1ῗὲἒὲᾱαῖᾸῖ

682 2282 872 2358 libne,
943 2279 1260 2367 praecepit
1327 2279 1438 2357 eis,
1508 2300 1670 2365 quos
1731 2281 1873 2367 ipse
1935 2281 2022 2346 ad
2084 2282 2451 2347 custodiam
2494 2280 2788 2346 civitatis
2814 2250 3107 2294 matrem*

681 2383 1035 2460 dimiserat,
1110 2381 1288 2467 quod
1351 2380 1482 2468 ipsi
1547 2382 1790 2447 armati
1862 2382 2243 2449 latitassent
2316 2383 2490 2448 infra
2564 2383 2790 2448 domos

682 2491 751 2552 et
811 2483 1098 2550 latebras
1162 2504 1521 2562 murorum,
1565 2488 1636 2549 et
1680 2485 1858 2571 quod
1901 2485 2206 2551 muheres
2251 2486 2440 2572 quasi
2487 2486 2789 2571 vagando

679 2587 1060 2654 incederent
1102 2606 1219 2674 per
1259 2586 1517 2673 plateas
1561 2591 1630 2652 et
1673 2586 1854 2654 vicos
1899 2586 2212 2667 civitatis,
2246 2592 2316 2653 et
2345 2588 2523 2673 quod
2567 2609 2790 2653 omnes

680 2695 891 2777 portae
938 2688 1233 2783 civitatis
1285 2688 1710 2773 aperirentur.
1804 2688 1896 2753 Et
1947 2689 2086 2775 ipse
2117 2690 2332 2755 exivit
2362 2711 2510 2754 cum
2551 2690 2788 2755 ducen-

682 2794 770 2858 tis
831 2791 1157 2857 militibus
1204 2794 1273 2856 et
1316 2791 1466 2856 aliis
1509 2792 1682 2856 viris
1718 2790 2062 2869 bellicosis,
2103 2797 2172 2857 et
2217 2791 2562 2857 abscondit
2607 2814 2675 2856 se
2721 2798 2790 2858 et

683 2917 791 2961 eos
821 2895 936 2981 qui
982 2915 1133 2960 cum
1177 2915 1254 2959 eo
1300 2896 1492 2959 erant
1522 2893 1697 2959 infra
1742 2893 2031 2981 abrupta
2075 2895 2407 2962 montium
2453 2901 2522 2960 et
2567 2916 2788 2961 caver-

683 3022 801 3064 nas
846 3003 1060 3075 terrae,
1106 3001 1567 3085 exspectantes
1627 2997 1995 3062 adventum
2053 2998 2358 3085 praedicti
2429 2997 2553 3062 filii
2616 2998 2790 3084 regis

689 3101 1006 3169 Saladini.

748 3350 1017 3434 Quanta
1051 3371 1320 3440 mna,
1366 3350 1452 3418 ‘im
1495 3372 1637 3440 qua
1661 3351 1879 3438 filv'sws
1921 3353 2266 3424 saladam
2308 3364 2551 3444 captus
2594 3358 2728 3425 est}

773 3516 865 3581 Et
894 3514 1093 3602 paulo
1144 3517 1297 3602 post
1343 3513 1701 3600 praedictus
1745 3514 1925 3580 filius
1971 3514 2287 3599 Saladini,
2334 3539 2483 3582 cum
2530 3519 2791 3606 copiosa
2815 3542 2975 3607 Batth
2991 3544 3043 3587 or

682 3618 1045 3684 Tul-corum
1093 3622 1160 3683 et
1203 3617 1485 3682 aliorum
1528 3616 1830 3681 virorum
1876 3623 2279 3683 armatorum
2338 3621 2787 3701 multitudine,
2815 3593 2975 3646 Tm·

683 3721 873 3786 venit
918 3741 1125 3806 usque
1191 3719 1278 3785 ad
1345 3719 1684 3785 civitatem
1753 3719 1837 3785 de
1906 3719 2053 3803 Sur,
2099 3742 2247 3806 quae
2310 3722 2514 3787 etiam
2577 3722 2791 3809 Tyrus

682 3827 997 3904 vocatur3
1043 3827 1112 3887 et
1145 3822 1390 3887 'videns
1435 3827 1660 3908 portas
1691 3822 1992 3888 civitatis
2037 3827 2315 3910 apertas,
2347 3829 2415 3889 et
2460 3824 2790 3889 neminem

683 3926 866 3990 intus
908 3929 1151 4012 praeter
1211 3924 1515 3989 mulieres
1582 3924 1964 3992 incedentes
2028 3948 2144 4012 per
2203 3927 2381 3992 vicos
2427 3932 2496 3992 et
2539 3926 2792 4013 plateas

684 4029 994 4107 civitatis,
1040 4025 1433 4104 aestimabat,
1463 4027 1642 4112 quod
1678 4028 1908 4094 audito
1954 4029 2252 4122 adffenbu
2295 4051 2522 4096 eorum
2567 4051 2791 4095 omnes

684 4130 1022 4217 fugissent,
1071 4134 1140 4195 et
1182 4129 1495 4216 praecepit
1540 4128 1766 4195 Turcis
1833 4131 1971 4195 suis
2029 4131 2297 4212 intrare,
2345 4135 2414 4198 et
2459 4132 2597 4218 ipse
2642 4154 2791 4197 cum

685 4233 778 4298 eis
821 4232 1118 4299 intravit.
1213 4229 1647 4317 Supradictus
1708 4253 1868 4298 vero
1938 4231 2312 4299 Coenredus
2366 4234 2511 4320 jam
2557 4234 2791 4299 videns

683 4336 860 4422 quod
903 4335 1032 4422 ipsi
1077 4334 1418 4400 civitatem
1464 4334 1629 4420 Tyri
1688 4335 2065 4414 intrassent,
2112 4335 2326 4402 exivit
2370 4337 2451 4401 de
2494 4337 2791 4402 cavernis

682 4438 758 4501 in
802 4435 1041 4523 quibus
1083 4437 1223 4523 ipse
1292 4441 1362 4501 et
1423 4436 1528 4500 sui
1572 4436 1983 4519 latitabant3
2046 4436 2286 4503 deinde
2330 4439 2658 4525 profectus
2704 4439 2789 4503 ad

753 4734 768 4766 ¹
805 4735 930 4785 This
968 4735 1013 4785 is
1051 4735 1299 4799 probably
1325 4735 1411 4784 the
1444 4733 1600 4783 battle
1634 4740 1686 4783 at
1790 4737 1933 4785 1187.
2004 4735 2100 4786 See
2144 4735 2319 4786 Itiner.
2367 4737 2429 4789 R.
2476 4737 2696 4798 Ricardi,
2752 4740 2787 4792 i.

684 4814 841 4880 Tyre,
873 4830 941 4864 on
977 4814 1065 4865 the
1107 4814 1234 4865 neth
1282 4813 1340 4864 of
1387 4814 1684 4874 December,
1790 4818 1864 4864 10.
