3585 5863
809 896 900 960 90
1639 903 1855 954 essu
1897 904 2101 953 nsols

509 1098 620 1146 Aa).
634 1103 750 1146 nso.
809 1082 1154 1148 civitatem
1203 1079 1546 1167 quandam
1591 1080 2066 1145 Saracenorum
2112 1099 2261 1164 quse
2307 1076 2497 1144 Silva
2535 1075 2797 1153 dicitur,
2857 1080 2928 1141 et
2946 1088 3192 1185 gfff?

469 1166 786 1273 ἓξῗιξξξῃᾱ
810 1190 1129 1271 ceperunt
1171 1204 1355 1264 eam3
1402 1187 1474 1248 et
1521 1182 1756 1248 deletis
1803 1180 2144 1268 spurcitiis
2175 1201 2417 1259 eorum,
2450 1179 2659 1266 legem
2704 1178 2928 1245 Chris·

474 1270 578 1382 ⁸2}
589 1268 783 1382 Ῐῗξξο
811 1288 1064 1352 tianam
1108 1286 1206 1351 ibi
1250 1287 1323 1350 in
1369 1289 1763 1371 perpetuum
1810 1283 2168 1348 tenendam
2198 1285 2597 1359 statuerunt,
2627 1285 2698 1346 et
2727 1280 2924 1346 eccle-

471 1402 554 1446 the
570 1401 683 1454 kins
699 1403 752 1445 or
808 1390 976 1455 siam
1019 1388 1119 1453 ibi
1161 1388 1236 1452 in
1280 1388 1527 1453 honore
1556 1386 1684 1451 Dei
1730 1391 1801 1451 et
1844 1385 2058 1451 beatae
2088 1383 2386 1472 Virginis
2416 1384 2544 1448 Dei
2586 1383 2922 1470 genitricis

471 1452 707 1506 Pmugal'
813 1492 1044 1557 Mariae
1087 1490 1620 1569 fabricaverunt3
1674 1494 1743 1553 et
1786 1487 2116 1553 accersitis
2160 1486 2398 1552 vicinis
2442 1486 2762 1572 episcopis
2809 1486 2925 1570 qui

812 1616 964 1659 cum
1008 1595 1099 1659 eis
1128 1597 1470 1667 venerant,
1499 1591 1800 1656 fecerunt
1831 1588 2195 1656 consecrari
2224 1590 2598 1675 episcopum
2631 1588 2922 1673 ejusdem

812 1696 1125 1775 civitatis,
1172 1704 1242 1761 et
1305 1695 1726 1760 tradiderunt
1773 1715 1916 1757 eam
1983 1691 2223 1758 Sancio
2270 1691 2441 1777 Regi
2484 1691 2568 1757 de
2612 1689 2921 1776 Portigal.

473 1799 715 1895 {ffiiggf
814 1798 906 1863 Et
949 1800 1078 1885 ipsi
1121 1799 1228 1864 die
1276 1798 1506 1864 Sancti
1554 1795 1897 1861 Michaelis
1945 1794 2362 1859 transierunt
2420 1815 2536 1879 per
2587 1792 2922 1857 districtas

476 1901 724 2005 ξέξῗξθξῆ
814 1901 1058 1967 Africae
1103 1901 1247 1966 sine
1289 1894 1814 1986 impediment0.¹

472 2017 774 2112 μὴ
904 2004 995 2069 Et
1038 2005 1265 2071 eodem
1312 2024 1534 2069 mense
1581 2002 1905 2068 Ricardus
1935 2022 2055 2064 rex
2098 1999 2403 2087 deposuit
2432 2021 2474 2064 a
2502 1996 2745 2063 bailliis
2783 1997 2921 2063 suis
2944 2021 3177 2118 &¹3³⁸

475 2132 544 2164 nu
564 2121 586 2162 t
600 2119 738 2163 Glan-
813 2105 1174 2172 Ranulfum
1250 2106 1334 2171 de
1412 2105 1749 2171 Glanvilla
1816 2104 2263 2189 justitiarium
2306 2100 2590 2188 Angliae,
2655 2106 2723 2166 et
2786 2100 2919 2166 fere

475 2170 671 2266 311AE
691 2170 776 2213 ‘¹³⁰
814 2230 1039 2274 omnes
1068 2208 1489 2274 vicecomites
1519 2211 1589 2272 et
1633 2205 1916 2271 ballivos
1963 2226 2229 2285 eorum3
2275 2208 2346 2270 et
2384 2225 2608 2268 omnes
2638 2203 2922 2269 redemit

812 2332 1019 2397 usque
1065 2310 1154 2376 ad
1199 2309 1514 2375 ultimum
1546 2307 1986 2396 quadrantem
2018 2331 2032 2373 z
2084 2312 2154 2373 et
2183 2311 2437 2393 quanto
2466 2306 2922 2370 familiariores

812 2415 991 2500 patri
1037 2435 1156 2479 suo
1203 2412 1604 2479 exstiterant
1649 2415 1842 2476 tanto
1894 2432 2006 2476 eos
2055 2410 2205 2497 plus
2228 2466 2240 2480 .
2263 2408 2694 2496 opprimebat.
2788 2407 2922 2489 Qui

813 2522 1042 2585 autem
1083 2537 1220 2581 non
1251 2516 1543 2582 habebat
1602 2519 1935 2602 quantum
1980 2512 2066 2577 ab
2113 2534 2189 2578 eo
2234 2511 2641 2599 exigebatur,
2686 2511 2918 2576 statim

813 2620 1216 2707 capiebatur,
1244 2624 1316 2684 et
1359 2619 1431 2683 in
1476 2638 1796 2684 carcerem
1839 2614 2240 2681 mittebatur
2267 2614 2385 2679 ubi
2429 2618 2572 2679 erat
2614 2611 2807 2679 fletus
2850 2618 2921 2679 et

813 2722 1062 2788 stridor
1108 2721 1406 2787 dentium
1438 2746 1453 2801 3
1498 2727 1568 2787 et
1612 2720 1782 2786 alios
1827 2717 2244 2784 vicecomites
2288 2716 2363 2782 in
2406 2718 2547 2783 loco
2591 2716 2919 2803 deposito-

478 2842 740 2990 &eff
813 2823 2038 2992 &2355‘333234‘533233
2082 2819 2919 2990 zflgffisszffltffi·

481 3044 562 3089 nu
593 3043 693 3088 hor
808 3028 1005 3106 viuae,
1053 2978 1319 3114 praedia,
1368 3033 1437 3091 et
1481 2978 1717 3092 coete'ra
1761 3027 1845 3092 iis
1890 2977 2147 3092 similia
2263 3025 2465 3091 Unde
2522 2973 2769 3090 fabtum
2814 2973 2917 3090 est

477 3096 598 3190 {⁸³⁰2
615 3146 697 3188 the
810 3129 981 3216 quod
1049 3130 1253 3214 Hugo
1325 3128 1791 3194 Dunelmensis
1855 3130 2212 3217 episeopus,
2269 3129 2432 3195 emit
2496 3127 2625 3193 sibi
2688 3132 2759 3192 et
2821 3128 2918 3192 ita

477 3195 750 3340 ᾖζξιῖωῗτ
810 3230 1096 3297 ecclesiae
1142 3251 1278 3295 suae
1325 3231 1757 3295 Dunelmensi
1802 3230 1875 3296 in
1920 3238 2330 3318 perpetuum,
2358 3230 2589 3297 villam
2632 3230 2806 3318 regis
2835 3229 2917 3295 de

678 3327 689 3340 ”
812 3331 1194 3419 Seggesfeld
1259 3353 1408 3397 cum
1471 3334 1872 3420 wapentahc
1929 3339 1998 3399 et
2065 3335 2215 3399 aliis
2278 3334 2698 3421 pertinentiis
2761 3331 2912 3412 suis,

808 3457 929 3522 pro
972 3434 1244 3501 servitio
1289 3435 1580 3521 quinque
1627 3435 1920 3502 militum
1979 3437 2052 3501 in
2099 3436 2484 3522 Lindeseya,
2530 3457 2693 3522 quos
2736 3436 2913 3501 idem

810 3538 1149 3626 episcopus
1193 3540 1453 3625 quietos
1497 3540 1813 3606 clamavit
1856 3541 1999 3627 regi
2043 3541 2118 3604 in
2163 3540 2648 3626 sempiternum.
2742 3537 2916 3603 Prae-

810 3644 994 3706 terea
1035 3641 1214 3705 idem
1262 3639 1463 3728 Hugo
1511 3639 1980 3707 Dunelmensis
2033 3641 2373 3729 episcopus
2433 3639 2597 3706 emit
2655 3638 2783 3704 sibi
2841 3639 2913 3704 in
2939 3654 3187 3751 gfff&

810 3744 956 3808 vita
1016 3765 1136 3809 sua
1199 3745 1586 3809 comitatum
1649 3745 1730 3809 de
1791 3744 1859 3808 N
1862 3743 2260 3825 orhumbria‚
2307 3765 2455 3808 cum
2517 3742 2800 3807 castellis
2844 3747 2916 3807 et
3024 3769 3027 3772 ¹

808 3845 956 3911 aliis
1014 3845 1439 3932 pertinentiis
1500 3845 1651 3912 suis.
1769 3847 2095 3913 Praeterea
2154 3847 2333 3912 idem
2397 3845 2602 3934 Hugo
2663 3844 2915 3909 Dunel-

811 3947 1056 4013 mensis
1101 3947 1443 4034 episcopus
1506 3948 1695 4014 dedit
1756 3949 1900 4035 regi
1968 3948 2148 4014 mille
2215 3969 2468 4015 marcas
2513 3947 2789 4035 argenti,
2835 3951 2917 4013 ut

879 4163 896 4197 ¹
921 4164 1095 4215 Ifthis
1115 4166 1232 4215 date
1254 4164 1301 4214 is
1324 4170 1533 4224 correct,
1556 4164 1598 4215 it
1615 4164 1662 4214 is
1684 4165 1821 4215 clear
1859 4179 1868 4202 ³
1908 4165 2094 4217 Diceto
2115 4166 2261 4232 gives
2282 4182 2314 4217 a
2335 4164 2479 4217 short
2498 4172 2715 4217 account
2746 4165 2805 4216 of
2828 4165 2917 4217 the

810 4245 919 4294 that
943 4244 1028 4294 the
1044 4250 1310 4295 statement
1324 4243 1380 4293 in
1392 4242 1480 4293 the
1496 4242 1818 4294 Itinerarium
1907 4243 2068 4294 aste-ir.
2142 4244 2444 4310 According
2466 4250 2518 4294 to
2550 4240 2658 4293 him
2678 4242 2766 4294 the
2797 4242 2917 4294 ficet

811 4322 963 4388 Reyt‘s
1001 4321 1232 4382 Βίων-ἀί,
1266 4322 1378 4372 that
1411 4322 1500 4372 the
1534 4329 1732 4387 captore
1765 4324 1827 4375 of
1908 4321 2001 4372 left
2023 4322 2335 4374 Dartmouth
2347 4323 2472 4390 May
2492 4327 2571 4385 18,
2585 4324 2686 4373 and
2700 4323 2914 4374 reached

813 4401 979 4454 Silvia
1000 4399 1201 4451 arrived
1223 4407 1276 4451 at
1301 4401 1441 4452 Acre
1463 4401 1520 4453 in
1554 4403 1641 4453 the
1674 4401 1819 4469 early
1908 4398 2101 4451 Lisbon
2141 4402 2278 4452 June
2316 4407 2380 4452 29
2407 4422 2421 4461 ς
2469 4401 2591 4467 they
2629 4402 2794 4467 began
2829 4401 2914 4451 the

809 4486 926 4547 part
949 4479 1008 4531 of
1025 4480 1336 4544 September,
1361 4486 1551 4532 cannot
1573 4483 1637 4532 be
1658 4482 1811 4533 inter·
1907 4481 2044 4546 siege
2067 4479 2130 4531 of
2152 4480 2319 4534 Silvia
2340 4480 2469 4546 July
2494 4485 2573 4543 16,
2596 4481 2699 4531 and
2719 4481 2839 4531 took
2873 4480 2915 4531 it

810 4561 984 4626 preted
1006 4559 1237 4626 literally.
1307 4559 1358 4609 It
1379 4561 1629 4626 probably
1644 4577 1819 4612 means
1912 4559 2211 4625 September
2257 4565 2301 4611 6.
2379 4559 2492 4611 The
2544 4573 2755 4625 mosque
2807 4573 2914 4610 was

809 4639 921 4690 that
959 4639 1048 4690 the
1089 4638 1334 4690 northern
1370 4639 1527 4702 fleets,
1561 4639 1622 4689 of
1647 4640 1819 4690 which
1908 4641 2236 4692 consecrated
2268 4647 2323 4690 to
2354 4639 2442 4690 the
2473 4639 2682 4691 Blessed
2706 4637 2913 4704 Virgin,

812 4718 914 4768 this
935 4733 1041 4767 was
1073 4732 1103 4767 a
1127 4724 1258 4781 part,
1283 4720 1447 4784 began
1481 4726 1535 4769 to
1569 4716 1734 4769 arrive
1769 4725 1822 4769 at
1912 4719 2048 4786 Sept.
2074 4725 2119 4771 8.
2189 4720 2252 4770 Β.
2277 4717 2477 4782 Diceto,
2502 4723 2613 4769 646.

812 4796 925 4847 that
962 4795 1098 4847 time.
1166 4796 1227 4848 P.
1263 4802 1344 4860 65,
1381 4799 1475 4849 διο.
1543 4798 1711 4861 Ralph
1758 4799 1821 4848 de
1863 4827 1868 4850 ι

2370 4099 2575 4106 m·-
