3585 5863
1588 896 1894 946 mamm.
2695 886 2777 947 95

325 1080 582 1181 geg-¹313?
678 1068 943 1135 Saffran
963 1068 986 1108 ¹
1061 1070 1357 1135 divertit.
1468 1070 1822 1135 Exercitus
1896 1090 2055 1135 vero
2131 1068 2275 1156 ejus
2347 1080 2781 1158 occupaverat
2836 1078 3081 1174 Δόἓὼὶιέ.

678 1192 938 1238 omnem
1013 1174 1232 1239 locum
1293 1195 1336 1237 a
1399 1172 1620 1238 Oasali
1684 1172 1994 1259 Episcopi
2054 1193 2265 1258 usque
2332 1172 2420 1239 ad
2488 1174 2739 1239 Dotum
2767 1194 3036 1253 31mm0n00

678 1274 990 1360 quoniam
1042 1297 1127 1341 ex
1172 1297 1303 1362 quo
1348 1273 1701 1340 saladinus
1744 1278 1946 1339 natus
1991 1274 2122 1341 fuit
2179 1296 2523 1361 nunquam
2583 1279 2783 1340 antea
2802 1244 3100 1389 {331}er

677 1382 946 1442 tantum
975 1377 1342 1444 exercitum
1386 1376 1835 1464 congregavit.
1914 1376 2090 1442 Nam
2135 1377 2217 1443 de
2261 1382 2411 1443 tota
2453 1381 2636 1443 terra
2663 1399 2783 1442 sua
2825 1358 2902 1389 ⁰³⁰
2957 1356 3046 1389 Μ’

677 1479 901 1545 nullus
942 1480 1266 1546 remansit
1294 1484 1491 1566 aptus
1521 1479 1608 1543 ad
1638 1477 1937 1565 praelium
1981 1479 2095 1565 qui
2139 1500 2277 1546 non
2320 1480 2524 1546 fuerit
2566 1481 2638 1544 in
2671 1480 2784 1545 illo

676 1582 972 1648 exercitu
1045 1581 1389 1647 adunatus.
1483 1580 1551 1644 N
1552 1602 1623 1646 ec
1690 1580 1881 1646 credo
1943 1581 2122 1667 quod
2194 1580 2431 1668 aliquis
2491 1602 2785 1669 unquam

677 1688 938 1750 tantam
982 1688 1253 1771 tamque
1297 1683 1540 1749 bonam
1595 1682 1951 1768 aliquando
1996 1683 2241 1750 alicubi
2300 1683 2550 1749 viderit
2608 1683 2784 1748 mili-

679 1786 841 1850 tiam
901 1785 1432 1853 Christianorum
1477 1788 1795 1871 quantam
1858 1785 1953 1850 ibi
2012 1785 2240 1851 videre
2301 1789 2578 1872 poterat.
2694 1785 2785 1851 Et

678 1892 828 1973 post
885 1892 1226 1975 peractum
1269 1886 1520 1954 bellum
1582 1894 1909 1952 venerunt
1971 1887 2323 1975 quingenti
2384 1888 2629 1954 milites
2673 1909 2787 1974 op-

680 1989 830 2054 timi
882 1995 951 2055 et
1014 1990 1237 2057 decem
1299 1989 1510 2055 millia
1577 1989 1914 2055 hominum
1981 1994 2426 2077 pugnatorum
2472 1995 2543 2055 et
2585 1991 2786 2055 armis

678 2092 983 2157 omnibus
1040 2092 1533 2159 instructorum.

335 2218 576 2313 ggvgdgg.
768 2206 858 2271 Et
902 2206 1129 2273 eodem
1173 2228 1350 2272 anno
1380 2205 1843 2294 applicuerunt
1873 2207 1967 2271 ibi
1997 2228 2203 2273 naves
2248 2212 2319 2274 et
2345 2207 2591 2274 busciae
2635 2207 2785 2295 plus
2806 2211 3053 2315 fflssffl‘

337 2300 512 2371 lonsei·
562 2301 575 2320 ’
679 2332 874 2397 quam
949 2309 1350 2397 quingentae,
1429 2310 1722 2397 exceptis
1798 2308 2005 2395 galeis
2093 2316 2162 2376 et
2237 2310 2561 2389 cursariis,
2635 2332 2784 2397 quae

679 2413 908 2480 multae
936 2412 1253 2479 fuerunt:
1302 2416 1373 2477 et
1417 2412 1648 2477 statim
1693 2412 2202 2478 revertebantur
2244 2434 2451 2499 usque
2495 2414 2569 2477 in
2598 2413 2783 2499 Apu-

679 2516 857 2596 liam,
926 2519 1006 2580 ut
1066 2514 1217 2602 plus
1263 2513 1595 2593 afferrent,
1643 2513 1892 2579 scilicet
1949 2514 2253 2579 homines
2320 2518 2391 2580 et
2451 2513 2784 2579 victualia.

679 2616 747 2682 N
747 2638 905 2683 aves
965 2622 1195 2682 autem
1238 2616 1752 2683 Teutonicorum
1800 2620 1870 2680 et
1930 2615 2261 2681 Dacorum
2323 2621 2786 2682 remanserunt

678 2720 854 2806 apud
900 2720 1158 2785 Acram.

923 2982 1270 3068 Quomodo
1313 2981 1568 3050 obsessa
1611 2988 1705 3050 est
1746 2980 1938 3050 Aoo-a
1981 3002 2030 3050 a
2077 2979 2514 3051 Olm'etiwnie.

337 3177 580 3228 nomam,
769 3136 862 3201 Et
907 3140 1011 3202 est
1052 3135 1424 3202 notandum
1470 3135 1648 3221 quod
1692 3136 1930 3201 civitas
1978 3135 2153 3201 Aera
2197 3135 2460 3201 obsessa
2504 3140 2649 3201 erat
2710 3136 2783 3200 in
2807 3158 3026 3212 ,ιι-αηρε-

337 3231 434 3274 ³⁷⁶·
450 3230 497 3272 ¹³·
515 3233 579 3273 ³⁰·
678 3237 854 3303 hunc
894 3239 1182 3305 modum.
1273 3236 1540 3324 Gwydo
1584 3259 1706 3302 rex
1750 3238 1799 3303 J
1802 3237 2329 3304 erosolimitanus
2373 3261 2523 3305 cum
2555 3238 2786 3328 regina
2806 3209 3120 3312 ῗῖἓέοωοῗηὴθ

681 3345 748 3405 et
775 3340 1044 3407 filiabus
1072 3338 1208 3406 suis
1255 3338 1631 3427 hospitatus
1678 3345 1780 3405 est
1826 3340 1898 3403 in
1929 3339 2232 3406 Thorono
2277 3342 2514 3407 subtus
2557 3363 2786 3408 versus
2849 3321 2937 3354 ω’

679 3465 878 3524 mare,
924 3464 1155 3509 versus
1200 3447 1400 3530 caput
1444 3442 1707 3508 montis.
1800 3441 1894 3506 Et
1939 3441 2286 3507 Heraclius
2313 3444 2688 3530 patriarcha
2717 3447 2785 3509 e‘t

681 3544 1039 3611 Gaufridus
1079 3545 1289 3610 frater
1330 3545 1507 3632 regis
1552 3550 1743 3609 erant
1787 3565 1936 3608 cum
1982 3566 2073 3610 eo,
2168 3543 2343 3609 Tota
2386 3568 2544 3611 vero
2587 3546 2787 3611 mari-

679 3649 861 3728 tima,
914 3669 1048 3734 qua
1089 3647 1233 3713 itur
1275 3646 1362 3712 ad
1410 3647 1786 3734 Ch'ayphas.‚
1833 3647 2065 3711 Pisani
2111 3650 2557 3714 castrametati
2605 3654 2784 3729 sunt,

680 3750 779 3816 ita
822 3749 1003 3836 quod
1045 3749 1272 3816 nullus
1316 3772 1402 3815 ex
1445 3750 1562 3814 illa
1604 3754 1797 3836 parte
1841 3771 1882 3813 a
1941 3749 2216 3814 civitate
2261 3749 2440 3815 exire
2507 3754 2783 3837 poterat.

679 3852 772 3917 Et
815 3873 903 3919 ex
947 3852 1080 3918 alia
1126 3857 1315 3939 parte
1360 3851 1669 3930 Thoroni‚
1718 3850 1840 3916 ubi
1884 3851 2067 3917 sedet
2120 3850 2634 3930 Machomnmm,
2682 3851 2781 3918 ibi

679 3953 984 4020 dominus
1028 3954 1493 4043 Landigravus
1510 3952 1537 3992 ²
1567 3959 1638 4020 et
1668 3954 1976 4020 dominus
2004 3952 2053 4019 J
2054 3953 2294 4020 acobus
2341 3955 2421 4021 de
2465 3954 2785 4033 Avennis‚

681 4079 1036 4146 omnesque
1110 4057 1460 4123 Teutonici
1536 4063 1605 4123 et
1679 4055 1728 4122 J
1730 4078 2050 4124 anuenses
2125 4063 2342 4123 castra
2401 4062 2783 4147 posuerunt.

681 4158 920 4226 Postea
975 4159 1325 4247 Templum
1384 4180 1535 4225 cum
1595 4165 1795 4246 gente
1857 4181 1977 4224 sua
2035 4159 2441 4246 hospitatum
2502 4165 2621 4240 est,
2666 4159 2784 4225 ubi

685 4262 946 4328 fuerant
1005 4262 1187 4329 horti
1256 4266 1326 4327 et
1391 4260 1693 4328 cisternae
1741 4261 2146 4327 Latinorum,
2240 4262 2590 4349 Hospitale
2634 4284 2784 4329 oum

749 4513 766 4546 ¹
798 4513 1096 4579 According
1125 4520 1179 4565 to
1210 4512 1462 4576 Bohsdim
1496 4528 1547 4578 p.
1576 4518 1688 4574 109,
1778 4514 1868 4564 the
1906 4513 2001 4565 hill
2039 4514 2102 4565 of
2123 4513 2385 4580 Sjaferma
2418 4531 2536 4567 now
2566 4516 2785 4584 perhaps

685 4593 892 4644 Saladin
906 4594 1235 4645 retreatedon
1253 4591 1367 4644 Oct.
1391 4597 1469 4653 12,
1486 4600 1541 4643 to
1558 4591 1694 4643 Che·
1782 4592 1953 4644 Shefa’
1983 4594 2162 4656 Amor,
2199 4609 2232 4645 a
2270 4594 2368 4648 few
2405 4596 2550 4649 miles
2588 4603 2697 4649 east
2735 4596 2793 4648 of

683 4674 824 4734 ruba,
846 4672 1016 4724 which
1040 4674 1087 4723 is
1118 4671 1368 4738 probably
1390 4670 1690 4722 Khureibeh
1781 4672 2016 4737 Haipha;
2051 4689 2099 4738 p.
2130 4678 2240 4725 144.

683 4765 750 4802 on
783 4752 972 4803 Mount
989 4751 1214 4805 Carmel.
1282 4750 1489 4803 Suffrau
1510 4750 1555 4801 is
1575 4764 1692 4816 pro-
1850 4751 1873 4784 ²
1907 4751 2283 4820 Landiqrauuae]
2322 4754 2620 4823 antigrafus,
2642 4758 2705 4810 Β,

681 4833 834 4898 bably
872 4833 957 4884 the
997 4834 1144 4899 place
1177 4833 1343 4885 called
1363 4833 1434 4897 hy
1455 4831 1694 4883 Bohudiu
