3585 5863
1573 887 1881 938 monim.
2655 878 2681 937 1
2697 876 2783 937 09

335 1084 580 1136 11on
679 1060 1037 1127 interdicto
1081 1061 1326 1126 arctius
1371 1060 1593 1127 tenuit
1639 1063 1844 1128 donec
1889 1084 2113 1128 omnes
2158 1062 2243 1127 ad
2288 1082 2437 1127 eum
2475 1059 2785 1157 venirent
2842 1067 3086 1113 lim-1¹⁹⁰·

337 1138 491 1181 ³⁷⁹⁹*
505 1139 576 1181 ⁴⁰⁹
681 1165 766 1229 ad
813 1162 1344 1229 satisfactionem.

338 1289 581 1391 {affl
773 1265 1057 1330 Interim
1076 1263 1102 1302 ¹
1178 1265 1486 1331 dominus
1551 1287 1670 1330 rex
1744 1267 1932 1332 dedit
2010 1266 2284 1353 Hugoni
2354 1264 2786 1331 Dunelmensi
2810 1265 3090 1360 333¹,ng

339 1390 540 1435 morter.
682 1368 982 1454 episcopo
1047 1368 1386 1433 licentiam
1448 1369 1770 1434 redeundi
1828 1370 1901 1433 in
1943 1368 2278 1456 Angliam,
2325 1373 2395 1434 et
2438 1368 2785 1433 mandavit
2810 1369 3063 1469 ἓξὲξ

680 1469 1064 1536 cancellario
1110 1471 1289 1554 quod
1328 1475 1732 1536 concesserat
1761 1472 1972 1536 eidem
2006 1471 2435 1536 Dunelmensi
2483 1472 2786 1557 episcopo

672 1572 1111 1660 justitiariam
1157 1596 1199 1638 a
1241 1572 1516 1638 flumine
1563 1572 1858 1637 Humbri
1908 1595 2116 1659 usque
2176 1573 2263 1638 ad
2323 1577 2572 1638 terram
2614 1572 2787 1658 regis

681 1675 940 1753 Scotiae,
988 1696 1029 1739 a
1074 1674 1239 1739 mari
1285 1696 1493 1761 usque
1536 1675 1624 1740 ad
1668 1696 1867 1752 mare,
1898 1675 1972 1739 in
2002 1675 2498 1761 longitudinem
2528 1680 2600 1740 et
2629 1674 2780 1739 lati-

679 1776 998 1843 tudinem.
1093 1775 1229 1856 Qui
1290 1797 1441 1842 cum
1505 1775 1580 1840 in
1622 1776 1939 1863 Angliam
1985 1776 2292 1856 venisset,
2336 1781 2406 1842 et
2453 1776 2783 1843 obviasset
2808 1790 3120 1885 gfflffoffihe

682 1877 1070 1943 cancellario
1114 1878 1188 1942 in
1232 1876 1397 1942 villa
1440 1876 1523 1942 de
1568 1877 1740 1962 Blya
1798 1876 2100 1943 redeunti
2150 1878 2231 1943 de
2277 1878 2551 1944 civitate
2610 1878 2784 1944 Ebo-
2808 1893 2870 1985 :g
2871 1892 3120 1987 ‹113thOE

679 1982 832 2059 raci,
877 1979 1156 2045 tradidit
1200 1978 1302 2043 illi
1343 1978 1607 2044 litteras
1654 1979 1908 2044 domini
1952 1981 2141 2067 regis.
2237 1980 2494 2061 Quibus
2538 1981 2786 2097 cancel-.-
2810 1991 2999 2087 3133!
3002 1995 3054 2093 ,ιο

678 2081 883 2169 larius
910 2081 1252 2168 respondit
1296 2102 1365 2146 se
1409 2080 1742 2146 facturum
1781 2080 2071 2148 libenter
2102 2083 2491 2148 mandatum
2532 2083 2784 2148 domim
2809 2093 3095 2187 maffia

679 2184 850 2270 regis
885 2208 901 2264 ;
963 2189 1034 2248 et
1088 2183 1477 2269 protrahens
1523 2205 1671 2248 eum
1720 2182 1804 2248 de
1852 2184 1959 2249 die
2004 2185 2077 2248 in
2122 2184 2317 2263 diem,
2374 2185 2572 2250 duxit
2633 2206 2785 2250 eum
2809 2194 3057 2287 ἣξει·

679 2307 897 2350 secum
955 2306 1164 2371 usque
1209 2285 1645 2365 Lundonias;
1713 2290 1784 2350 et
1844 2285 2149 2370 injiciens
2211 2308 2449 2351 manus
2499 2288 2572 2351 in
2632 2308 2783 2352 eum
2809 2276 3069 2387 ffigffile

680 2388 900 2452 tenuit
943 2387 1149 2452 donec
1192 2387 1305 2452 ille
1350 2386 1745 2452 reddidisset
1790 2387 1852 2451 ei
1897 2387 2243 2452 castellum
2285 2388 2367 2454 de
2396 2388 2786 2454 Windesho-
2808 2394 3071 2497 ffiffissomd

679 2511 826 2555 vers
869 2493 939 2555 et
982 2491 1373 2555 comitatum
1433 2511 1583 2554 cum
1644 2487 1924 2568 forestis,
1971 2494 2041 2554 et
2087 2489 2358 2554 Novum
2422 2489 2785 2554 Castellum
2810 2495 3039 2597 pom

678 2612 872 2678 super
915 2592 1176 2676 Tynam
1219 2613 1369 2658 cum
1413 2591 1735 2656 comitatu
1771 2614 1787 2671 3
1832 2595 1901 2655 et
1946 2591 2317 2655 manerium
2364 2590 2447 2657 de
2495 2591 2788 2677 Saberga
3040 2576 3053 2591 ⁰

680 2694 857 2779 quod
917 2715 1036 2759 rex
1104 2692 1351 2759 Sancto
1426 2692 1803 2758 Guthberto
1880 2691 1955 2756 in
2028 2696 2419 2778 perpetuum
2500 2692 2785 2757 dederat.

681 2794 961 2882 Insuper
1004 2798 1073 2860 et
1119 2795 1296 2860 idem
1342 2795 1683 2881 episcopus
1727 2793 1913 2859 dedit
1955 2793 2322 2860 Henricum
2369 2794 2451 2859 de
2497 2793 2785 2860 Puteaco

677 2898 891 2962 fflium
960 2918 1172 2974 suum,
1238 2900 1308 2962 et
1373 2895 1813 2962 Gillebertum
1882 2895 1964 2963 de
2033 2895 2217 2984 Leya
2276 2896 2553 2976 obsides,
2607 2897 2786 2983 quod

680 3021 901 3086 pacem
967 3004 1262 3064 servaret
1325 2998 1467 3084 regi
1536 3003 1605 3063 et
1666 3020 1872 3085 regno
1918 2998 2075 3084 ejus.
2167 2999 2279 3064 Ita
2335 2999 2443 3064 his
2486 3001 2786 3085 peractis,

681 3101 1017 3188 episcopus
1064 3100 1530 3166 Dunelmensis
1574 3122 1691 3186 per
1735 3101 2072 3166 licentiam
2117 3100 2483 3166 cancellarii
2527 3124 2569 3166 a
2609 3101 2787 3167 Lun-

683 3204 894 3269 doniis
956 3203 1263 3269 recedens
1330 3203 1524 3268 venit
1591 3203 1678 3268 ad
1755 3204 1985 3268 villam
2062 3226 2251 3270 suam
2316 3226 2466 3289 quae
2540 3204 2787 3269 dicitur

684 3305 1140 3385 Hovendena3
1202 3304 1319 3371 ubi
1380 3326 1531 3370 cum
1598 3326 1854 3370 moram
1914 3304 2191 3383 fecisset,
2260 3304 2637 3372 Willelmus
2705 3307 2787 3371 de
2813 3314 3104 3411 Hgtffiffis

684 3407 994 3485 StuteviL
1060 3413 1130 3473 et
1188 3407 1550 3473 vicecomes
1605 3407 1892 3472 Eboraci
1912 3403 1937 3443 ²
1999 3412 2327 3472 venerunt
2373 3408 2459 3472 ad
2505 3430 2655 3474 eum
2702 3431 2788 3474 ex
2811 3378 3103 3512 {iggwfggm

682 3515 866 3596 parte
911 3509 1298 3591 cancellarii,
1348 3514 1417 3574 et
1461 3508 1947 3595 prohibuerunt
1993 3529 2145 3573 eum
2188 3530 2273 3573 ne
2319 3509 2596 3575 ulterius
2639 3533 2789 3597 pro·
2810 3518 3051 3620 Q&

683 3612 940 3677 cederet
1001 3612 1131 3677 nisi
1199 3633 1315 3698 per
1378 3610 1723 3677 licentiam
1799 3610 2008 3697 ipsius
2080 3611 2190 3675 vel
2265 3610 2522 3677 domini
2598 3614 2787 3698 regis,

683 3713 1046 3801 Episcopus
1090 3734 1246 3779 vero
1292 3714 1451 3778 data
1495 3712 1856 3779 securitate
1901 3712 2080 3798 quod
2139 3711 2418 3779 ulterius
2461 3734 2598 3778 non
2641 3736 2788 3800 pro-

749 3979 765 4013 ¹
799 3982 969 4032 There
1034 3995 1119 4030 are
1171 3986 1276 4030 two
1341 3978 1567 4030 charters
1633 3979 1696 4030 of
1787 3994 1890 4030 vas
1934 3986 1986 4031 at
2020 3978 2354 4029 Nonancourt
2389 3978 2574 4029 March
2603 3983 2662 4029 14
2690 4000 2704 4040 3
2740 3987 2790 4031 at

683 4060 904 4111 Richard
941 4059 1093 4110 dated
1131 4063 1185 4109 at
1229 4058 1387 4108 Reole
1432 4058 1487 4107 in
1521 4055 1687 4123 Aqui·
1785 4058 1967 4109 Rouen
1991 4058 2175 4109 March
2199 4065 2281 4120 20,
2306 4064 2389 4120 22,
2413 4062 2518 4118 24;
2554 4063 2607 4109 at
2628 4058 2790 4110 Licus

683 4140 832 4202 taine,
867 4154 965 4189 one
996 4138 1123 4188 Feb.
1148 4143 1196 4199 2,
1229 4137 1285 4186 in
1318 4136 1549 4188 Martene
1582 4139 1685 4187 and
1785 4136 1966 4188 March
1991 4141 2073 4189 27.
2141 4138 2254 4188 The
2275 4138 2461 4201 bishop
2483 4139 2545 4189 of
2558 4138 2789 4190 Durham

683 4220 909 4281 Duram,
963 4218 1264 4281 Mauras,
1310 4216 1344 4266 i.
1393 4220 1489 4267 637
1514 4236 1528 4277 3
1597 4216 1684 4267 the
1785 4231 1889 4266 was
1911 4216 2036 4267 with
2056 4216 2166 4267 him
2190 4223 2242 4266 at
2263 4216 2424 4268 Lions
2448 4232 2517 4267 on
2540 4217 2652 4269 that
2672 4220 2789 4284 day.

685 4299 826 4349 other
857 4299 980 4350 Feb.
1004 4303 1057 4357 3,
1088 4296 1274 4361 quoted
1305 4296 1375 4360 by
1407 4295 1501 4346 Dr.
1524 4294 1685 4345 Prutz
1787 4297 1871 4348 On
1893 4296 1978 4347 the
2002 4296 2124 4346 2oth
2147 4296 2209 4345 of
2220 4294 2374 4361 April
2408 4297 2495 4348 the
2527 4296 2655 4364 king
2686 4313 2794 4350 was

683 4378 739 4428 in
781 4377 862 4429 his
922 4378 1013 4430 life
1061 4378 1123 4429 of
1181 4377 1364 4442 Henry
1406 4375 1492 4426 the
1534 4375 1684 4437 Lion,
1784 4383 1838 4426 at
1859 4374 2090 4428 Saumur.
2150 4371 2322 4437 (Mon.
2344 4373 2509 4440 Anyl„
2532 4375 2603 4428 vi.
2624 4380 2768 4442 638.)

683 4456 813 4508 stom
862 4457 1092 4524 origines
1155 4454 1406 4519 &ulfiam
1449 4453 1523 4504 iii.
1571 4457 1684 4506 731.
1851 4452 1873 4485 ²
1898 4454 2082 4505 Osbert
2097 4453 2157 4503 of
2170 4452 2518 4518 Longchamp‚
2532 4454 2620 4506 the
2637 4456 2793 4506 chan-

683 4535 948 4588 Richard’s
1002 4544 1333 4598 movements,
1386 4549 1445 4585 so
1497 4533 1578 4584 far
1629 4548 1687 4584 as
1785 4532 1984 4584 cellor’s
2006 4532 2226 4592 brother,
2262 4531 2557 4595 (Hoveden‚
2592 4537 2706 4586 379.
2742 4551 2791 4587 a.

683 4617 803 4682 they
842 4632 937 4667 can
981 4618 1046 4666 be
1084 4605 1390 4665 discovered'
1425 4613 1555 4664 from
1600 4613 1687 4663 the
1788 4614 1897 4677 35,)
1922 4611 2093 4663 whom
2123 4613 2188 4663 he
2219 4611 2322 4663 had
2347 4611 2456 4676 just
2494 4613 2642 4664 made
2676 4614 2790 4664 she·

686 4699 908 4750 charters
929 4697 985 4746 in
1005 4696 1094 4746 the
1113 4696 1342 4756 Endera,
1356 4709 1487 4746 were
1501 4692 1689 4757 during
1787 4692 1890 4743 riff.

687 4777 866 4830 March
887 4776 1121 4829 confined
1150 4783 1203 4827 to
1224 4774 1536 4840 Normandy.
1603 4773 1688 4823 He
