3585 5863
859 891 1016 959 clxii
1377 905 1634 957 Fosnsr
1677 904 1914 959 ASSIZE:
1958 906 2048 957 or
2093 904 2339 957 unsar
2385 906 2456 957 11.

560 1098 1145 1173 AD.1184111.¹
1171 1098 1349 1165 Item
1412 1096 1706 1163 defendit
1770 1098 1948 1184 quod
2008 1097 2232 1162 nullus
2292 1097 2498 1164 donet
2545 1099 2650 1165 vel
2699 1100 2956 1165 vendat
2979 1103 3239 1199 ffinfflogl·

514 1193 812 1288 {glgeffssss’m
855 1202 1108 1289 aliquid
1169 1202 1256 1269 ad
1319 1201 1832 1271 destructionem
1893 1200 2004 1271 vel
2077 1206 2341 1269 vastum
2403 1203 2583 1271 bosci
2649 1202 2769 1280 sui,
2841 1202 3004 1300 qui3
2980 1206 3078 1250 MS-
3092 1208 3150 1251 A·
3167 1208 3267 1250 Art

545 1295 761 1390 ssgeg'ffss
776 1295 836 1388 ξος
856 1311 1014 1372 sunt
1056 1305 1230 1371 infra
1273 1304 1590 1371 forestam
1634 1305 1806 1392 regis
1853 1304 2174 1370 Henrici·
2224 1305 2522 1371 concedit
2565 1305 2732 1370 bene
2777 1306 3000 1401 quod
2978 1307 3148 1352 ¹1³·B·
3166 1309 3265 1353 3¹⁴³·

514 1397 785 1491 ξέᾈξῗξτῖ
857 1409 1120 1497 capiant
1165 1411 1246 1476 de
1291 1410 1503 1475 boscis
1547 1430 1773 1476 eorum
1820 1409 2000 1496 quod
2056 1430 2315 1476 necesse
2378 1409 2471 1475 eis
2515 1408 2717 1475 fuerit
2737 1407 2764 1447 ²
2812 1409 2954 1476 sine

516 1499 694 1595 ξέἐζέῗ
709 1499 768 1542 ¹³⁹
856 1519 1065 1592 vasto,
1113 1518 1183 1579 et
1224 1513 1364 1579 haec
1407 1533 1527 1599 per
1569 1512 1786 1578 visum
1832 1512 2162 1579 forestarii
2206 1514 2393 1601 regis,

518 1627 814 1722 ξῖπῗκᾛξω
946 1615 1066 1684 IV·
1113 1614 1140 1657 ³
1164 1616 1342 1683 Ibem
1407 1616 1724 1703 praeoepit
1789 1616 1969 1704 quod
2042 1637 2267 1682 omnes
2341 1615 2442 1681 illi
2518 1617 2633 1702 qui
2708 1615 3074 1718 habentus.
3089 1624 3265 1669 aare.

515 1727 683 1823 ἓξὲξ
698 1730 780 1824 ἷξε
858 1722 1081 1787 boscos
1126 1720 1301 1785 infra
1343 1725 1555 1787 metas
1599 1720 1863 1787 forestae
1907 1720 2080 1808 regis
2125 1724 2378 1808 ponant
2406 1718 2677 1786 idoneos
2698 1717 2727 1761 ⁴
2753 1719 2955 1786 fores·
2976 1725 3073 1770 MS·
3089 1726 3147 1770 Β·
3165 1728 3268 1770 Art·

516 1829 794 1925 &ffssffi
854 1823 1056 1890 tarios
1102 1826 1176 1888 in
1219 1823 1432 1890 boscis
1478 1846 1754 1904 eorum3
1801 1824 1884 1889 de
1930 1822 2170 1911 quibus
2214 1823 2576 1890 forestariis
2619 1823 2747 1911 ipsi
2793 1844 2954 1910 quo·

516 1933 758 2036 {ssffler
852 1949 997 1993 rum
1030 1925 1206 1993 bosci
1250 1926 1501 1992 fuerint
1544 1927 1682 1992 sint
1725 1926 1940 2015 plegii,
1973 1926 2079 1992 vel
2122 1926 2288 1992 tales
2317 1927 2665 1993 inveniant
2707 1925 2956 2016 plegios

854 2030 1008 2095 idon
1016 2049 1125 2096 eos
1170 2030 1285 2116 qui
1329 2029 1676 2096 emendare
1719 2033 2038 2117 poterunt
2102 2029 2161 2094 si
2223 2029 2557 2096 forestarii
2614 2030 2689 2096 in
2735 2028 2954 2115 aliquo

853 2131 1301 2213 forisfecerint,
1350 2132 1527 2221 quod
1570 2132 1841 2198 domino
1883 2133 2025 2221 regi
2069 2132 2412 2220 pertineat.
2415 2131 2441 2171 ⁵

515 2244 692 2289 V·'1'he
944 2234 1024 2304 V.
1071 2235 1247 2302 Item
1308 2236 1622 2325 praecepit
1682 2235 1993 2304 dominus
2058 2257 2183 2303 rex
2244 2235 2421 2327 quod
2478 2236 2806 2305 forestarii
2848 2236 2955 2302 sui
2977 2246 3074 2291 MS
3089 2246 3148 2293 Δ.
3164 2247 3266 2292 Art

516 2298 754 2397 ἶὲἕιὲἶιᾶοἰο
852 2340 1117 2429 capiant
1161 2360 1387 2407 curam
1433 2359 1630 2425 super
1670 2337 1982 2405 forestam
1998 2335 2027 2377 ⁶
2069 2339 2361 2407 militum
2404 2343 2477 2405 et
2520 2338 2799 2405 aliorum
2838 2339 3015 2445 qui
2975 2303 3074 2394 1718-
3090 2349 3146 2394 B·
3164 2350 3268 2394 Art·

510 2399 825 2554 Ξὲἒὲξὴὲθ
850 2442 1100 2510 habent
1162 2443 1389 2513 boscos
1450 2442 1628 2507 infra
1693 2446 1907 2509 metas
1973 2441 2231 2508 forestae
2288 2443 2480 2530 regie,
2541 2444 2718 2532 quod
2775 2405 3015 2509 bosci

849 2570 986 2614 non
1032 2548 1505 2627 destruantur;
1548 2568 1707 2612 nam
1769 2546 1828 2611 si
1895 2568 2090 2634 super
2151 2545 2274 2613 hoc
2326 2545 2575 2613 fuerint
2634 2545 2956 2612 destructi

850 2651 1045 2734 bosci,
1114 2651 1328 2721 sciant
1392 2651 1563 2716 bene
1607 2647 1708 2717 illi
1776 2670 2058 2737 quorum
2100 2649 2279 2717 bosci
2323 2648 2571 2717 fuerint
2616 2650 2950 2729 destructi,

851 2754 1029 2843 quod
1074 2755 1157 2823 de
1200 2755 1499 2847 ipsismet
1555 2752 1664 2818 vel
1710 2752 1790 2818 de
1836 2774 2062 2820 eorum
2106 2752 2299 2827 terris
2320 2750 2348 2794 ⁷
2391 2753 2689 2843 capietur
2736 2774 2952 2821 emen-

853 2858 1054 2940 datio,
1101 2862 1171 2923 et
1215 2880 1350 2925 non
1395 2856 1476 2921 de
1522 2857 1670 2923 alio.

509 2965 592 3009 VI·
616 2963 692 3008 All
939 2961 1059 3027 VI.
1108 2961 1284 3028 Item
1349 2961 1658 3028 dominus
1723 2981 1845 3028 rex
1902 2960 2219 3049 praecepit
2261 2961 2439 3049 quod
2483 2982 2709 3030 omnes
2751 2961 2949 3030 fores·
2972 2972 3073 3020 MS
3086 2973 3145 3019 Δ-
3161 2975 3270 3023 Art.

513 3017 733 3062 rex-estere
750 3014 800 3058 to

510 3067 755 3179 affiffi„
849 3064 1010 3134 tarii
1075 3063 1179 3130 sui
1237 3064 1469 3150 jurent
1527 3063 1702 3150 quod
1748 3062 2107 3130 secundum
2152 3086 2339 3154 posse
2384 3086 2576 3132 suum
2620 3064 2947 3131 tenebunt,
2971 3030 3071 3121 iis
3087 3076 3143 3120 B.
3159 3079 3267 3124 Art.

512 3178 669 3214 assae.
848 3167 1118 3234 assisam
1163 3167 1304 3254 ejus
1334 3167 1593 3255 qualem
1640 3188 1783 3234 eam
1826 3166 1983 3232 fecit
2027 3168 2108 3233 de
2153 3166 2413 3234 forestis
2456 3169 2608 3249 suis,
2658 3172 2728 3235 et
2771 3130 3010 3256 quod

848 3293 986 3336 non
1029 3270 1375 3336 vexabunt
1419 3268 1666 3334 milites
1726 3290 1938 3356 neque
2003 3270 2170 3336 alios
2227 3271 2465 3358 probos
2522 3270 2819 3338 homines
2866 3269 2947 3336 de

849 3373 973 3440 hoc
1018 3373 1194 3460 quod
1238 3372 1544 3439 dominus
1587 3393 1710 3437 rex
1755 3373 2056 3438 concedit
2099 3373 2231 3438 illis
2276 3373 2357 3438 de
2402 3373 2616 3440 boscis
2660 3395 2901 3440 eorum.

512 3488 618 3533 VII·
644 3487 823 3532 'rwelve
938 3476 1098 3543 VII.
1145 3475 1172 3516 ⁸
1192 3476 1369 3541 Item
1413 3498 1533 3541 rex
1576 3476 1890 3563 praecepit
1935 3477 2113 3563 quod
2157 3476 2231 3540 in
2276 3476 2574 3563 quolibet
2627 3477 2945 3543 comitatu
2971 3484 3071 3581 318
3089 3486 3145 3531 A·
3162 3487 3271 3532 Art·

1582 3607 1657 3613 .—
1676 3608 1950 3614 --Μ
1973 3609 1980 3612 -
2007 3609 2034 3614 -μ,
2075 3607 2170 3614 --—-

911 3665 929 3698 ¹
955 3664 1048 3718 See
1070 3665 1360 3727 Manwood„
1382 3663 1567 3715 Fon-est
1584 3663 1725 3725 Law,
1742 3663 1853 3716 viii.
1945 3667 1976 3693 “
2010 3672 2062 3716 et
2092 3680 2268 3730 paoem
2288 3665 2572 3720 venationis
2605 3682 2724 3728 suoe,
2758 3675 2811 3718 et
2830 3682 2944 3720 ous-

847 3753 893 3798 4.
961 3746 1044 3800 He
1066 3751 1246 3812 quotes
1268 3744 1369 3798 this
1393 3758 1449 3795 as
1469 3742 1556 3796 the
1588 3744 1702 3796 first
1733 3742 1855 3798 arti-
1944 3747 1974 3771 “
2007 3746 2177 3798 todem
2220 3744 2438 3809 aliquem
2482 3747 2548 3798 ad
2583 3747 2792 3800 boscum
2836 3747 2945 3814 ejus

844 3828 920 3882 cle
942 3826 1000 3882 of
1015 3826 1099 3875 the
1121 3824 1307 3880 Anniae
1331 3824 1392 3874 of
1408 3824 1740 3878 Woodstock.
1943 3826 1974 3851 “
2007 3823 2399 3876 custodiendum.
2469 3824 2595 3878 This
2627 3826 2671 3878 is
2702 3825 2789 3880 the
2825 3826 2941 3880 κώ

909 3906 931 3938 ²
964 3905 1093 3972 quod
1105 3942 1118 3956 .
1134 3905 1348 3970 ‚fuer-it]
1370 3902 1634 3964 esteveria,
1647 3903 1762 3956 MS,
1780 3904 1852 3958 A.
1945 3903 2117 3954 article
2139 3903 2195 3954 in
2215 3904 2369 3969 Vesp.
2394 3904 2460 3957 fo.
2490 3909 2567 3956 1⁷.

910 3985 932 4016 ³
968 3983 1096 4037 This
1134 3983 1311 4036 article
1350 3983 1394 4034 is
1435 3983 1646 4036 omitted
1678 3984 1733 4034 in
1766 3985 1855 4038 the
2008 3982 2030 4013 ⁶
2047 3984 2316 4049 forestam]
2376 3984 2669 4048 forestariis,
2713 3986 2775 4038 B.
2815 3986 2873 4038 P.
2908 3985 2940 4038 i.

844 4066 1004 4119 assiae
1026 4080 1083 4116 a·
1111 4065 1265 4130 given
1295 4062 1350 4113 in
1385 4078 1479 4114 our
1502 4062 1780 4126 Chronicle,
1815 4065 1851 4116 i.
1942 4069 2057 4125 323,
2080 4064 2182 4116 and
2202 4064 2464 4126 Hoveden,
2487 4070 2602 4116 446.

846 4152 961 4202 323.
994 4147 1085 4198 but
1116 4145 1159 4194 it
1196 4144 1241 4194 is
1281 4143 1471 4208 clearly
1499 4158 1766 4209 necessary
1798 4153 1852 4196 to
2005 4141 2027 4179 ⁷
2063 4142 2236 4209 terris]
2263 4144 2474 4206 catallis,
2498 4144 2655 4210 Vesp.
2677 4145 2744 4196 fo.
2773 4151 2850 4198 10.

844 4227 933 4278 the
955 4241 1098 4280 sense
1119 4224 1181 4278 of
1206 4225 1291 4275 the
1314 4223 1575 4288 following
1596 4224 1760 4275 clause
1795 4240 1852 4277 as
2007 4222 2029 4252 ⁸
2063 4222 2174 4274 ΤΙιθ
2196 4224 2378 4274 Forest
2399 4223 2580 4275 Assize
2601 4224 2755 4289 given
2770 4224 2825 4276 in
2846 4240 2939 4276 our

846 4307 887 4358 it
908 4307 1083 4360 stands
1104 4305 1160 4356 in
1182 4304 1294 4356 that
1314 4303 1534 4355 version.
1943 4301 2233 4366 Chronicle,
2255 4302 2290 4353 i.
2316 4309 2430 4363 323,
2454 4305 2572 4355 does
2606 4313 2698 4356 not
2729 4305 2934 4357 contain

910 4386 931 4417 ⁴
964 4385 1184 4451 idoneos]
1214 4393 1264 4435 et
1287 4385 1491 4448 legales,
1508 4384 1606 4433 add
1625 4383 1781 4449 Vesp.
1940 4383 2027 4433 the
2049 4381 2331 4449 remaining
2345 4383 2546 4436 articles
2563 4399 2618 4436 aa
2631 4386 2786 4450 given
2802 4387 2936 4437 here.

910 4467 930 4500 ὅ
941 4465 1215 4532 pertineat]
1239 4463 1351 4514 MS.
1375 4464 1531 4528 Vesp.
1547 4463 1614 4515 fo.
1633 4469 1695 4516 10
1712 4466 1851 4528 adds,
1939 4462 1988 4512 It
2009 4462 2051 4512 is
2074 4461 2294 4527 possible
2332 4463 2454 4515 then
2488 4464 2598 4516 that
2630 4465 2732 4516 this
2768 4464 2939 4515 article

845 4551 875 4574 “
912 4555 962 4598 et
1005 4545 1081 4594 illi
1127 4546 1213 4609 qui
1258 4551 1402 4594 ωιτη
1444 4550 1604 4596 metas
1647 4544 1849 4609 regal-cli
1938 4544 1983 4593 is
2027 4543 2113 4593 the
2157 4544 2257 4594 last
2298 4544 2378 4606 (as
2422 4542 2486 4594 its
2523 4552 2730 4609 purport
2770 4545 2936 4596 would

845 4629 877 4655 ‘⁴
912 4628 1093 4689 mecon
1125 4624 1341 4678 habeant
1372 4623 1427 4673 in
1462 4623 1645 4687 quibus
1697 4638 1849 4674 vena·
1939 4623 2106 4687 show)
2131 4622 2188 4673 of
2215 4638 2352 4673 some
2372 4639 2512 4674 more
2534 4624 2738 4676 ancient
2760 4624 2936 4686 assiae,

848 4710 880 4734 ‘⁴
914 4705 986 4755 tio
1034 4703 1224 4754 domini
1276 4702 1410 4768 regis
1459 4717 1635 4768 pacem
1683 4702 1848 4762 habet,
1938 4710 1992 4752 to
2015 4701 2181 4754 which
2217 4709 2310 4752 art.
2336 4707 2461 4753 8-11
2507 4718 2637 4754 were
2669 4703 2829 4754 added
2849 4704 2938 4753 be·

848 4790 881 4813 “
914 4784 1113 4836 nullum
1146 4783 1462 4836 forestarium
1492 4783 1726 4846 habeant,
1749 4782 1848 4836 nisi
1936 4781 2063 4844 fore,
2081 4782 2185 4834 and
2204 4789 2297 4834 art.
2325 4787 2386 4833 12
2411 4790 2477 4844 at,
2501 4782 2585 4834 the
2623 4782 2938 4836 Woodstook

847 4869 877 4893 ‘⁶
914 4864 1122 4915 assisam
1155 4860 1345 4914 domini
1387 4862 1520 4928 regis
1563 4861 1848 4927 juraverint
1938 4859 2131 4923 Assize,
2151 4860 2205 4912 in
2232 4866 2375 4912 1184.
