3585 5863
921 821 1007 885 54
1691 822 1702 835 “
1743 830 1958 880 ons-m
2002 830 2205 881 uncus

620 1026 729 1070 an.
746 1027 863 1069 nas.
927 1015 965 1046 “
1012 1008 1315 1086 Domine,
1393 1004 1909 1073 misericordiam
1932 1004 1997 1086 ;''
2065 1012 2104 1042 “
2136 1004 2294 1071 Fiat
2368 1002 2819 1070 misericordia
2879 1002 3041 1082 Tua,
3062 1019 3310 1117 {Lava-in.

585 1088 875 1184 ffli‘ssvss’ri
930 1120 966 1150 “
1012 1111 1314 1187 Domine,
1360 1131 1557 1199 super
1599 1129 1720 1174 nos
1744 1107 1810 1190 ;'’
1858 1115 1896 1146 “
1926 1107 2232 1189 Domine,
2278 1128 2417 1174 non
2479 1105 2837 1173 secundum
2898 1126 3044 1194 peo-
3171 1086 3215 1118 δ
3232 1076 3298 1118 ⁸⁴*

586 1190 835 1286 ῗὲῗὲιῖἷιιθ.
929 1224 964 1251 “
1009 1218 1161 1281 cata
1203 1216 1434 1279 nostra
1495 1210 1696 1278 facias
1761 1210 1955 1277 nobis
1976 1209 2045 1292 ;’'
2090 1220 2126 1247 “
2154 1210 2260 1277 Ne
2304 1208 2697 1289 memineris,
2741 1207 3048 1288 Domine,

929 1324 965 1356 “
1010 1316 1444 1403 iniquitatum
1509 1318 1888 1381 nostrarum
1955 1312 2381 1400 antiquarum
2399 1310 2462 1396 ;'’
2511 1317 2546 1347 “
2578 1309 2851 1398 Adjuva
2906 1332 3046 1389 n08,

927 1428 964 1456 “
1010 1420 1190 1485 Deus
1233 1416 1562 1484 Salutaris
1606 1420 1832 1483 noster
1855 1415 1927 1497 ;'’
1958 1421 1994 1453 “
2025 1415 2303 1483 Salvum
2332 1414 2434 1483 fac
2461 1412 2781 1501 populum
2810 1411 3042 1490 Tuum,

930 1530 966 1559 “
1011 1522 1293 1587 Domine
1319 1520 1382 1601 ;”
1426 1525 1465 1557 “
1495 1518 1661 1586 Esto
1725 1520 1836 1597 eis,
1896 1518 2192 1597 Domine,
2257 1516 2486 1583 Turris
2545 1514 2960 1582 fortitudinis
2980 1513 3045 1595 ;’'

926 1632 965 1661 “
1010 1624 1203 1690 Nihil
1245 1623 1548 1712 proficiat
1591 1621 1897 1688 inimicus
1940 1622 2015 1686 in
2060 1622 2156 1687 eis
2178 1618 2246 1703 ;’'
2276 1628 2313 1658 “
2338 1619 2495 1686 Fiat
2523 1641 2658 1707 pax
2687 1618 2763 1684 in
2790 1618 3044 1684 virtute

933 1733 968 1762 “
1012 1726 1156 1791 Tua
1178 1724 1241 1807 ;''
1318 1730 1357 1761 “
1398 1724 1699 1808 Domine,
1777 1723 1959 1789 Deus
2028 1725 2378 1801 virtutum,
2448 1724 2759 1788 converte
2835 1740 2954 1785 nos
2980 1719 3044 1799 ;”

933 1836 970 1867 “
1014 1828 1316 1911 Domine,
1384 1829 1627 1896 exaudi
1695 1827 2064 1895 orationem
2125 1848 2345 1894 meam
2370 1825 2436 1908 ;’'
2479 1832 2519 1863 “
2552 1824 2881 1895 Dominus
2924 1845 3038 1891 vo-

938 1941 971 1968 “
1015 1929 1318 1998 biscum.’'

1802 2140 2175 2208 Commu.

1026 2309 1062 2340 “
1092 2299 1529 2389 Omnipotens
1577 2300 1975 2389 sempiterne
2018 2300 2217 2382 Deus,
2258 2301 2333 2366 in
2379 2300 2585 2388 Cujus
2634 2321 2839 2366 manu
2888 2302 3047 2366 sunt
3070 2323 3292 2373 umam.

639 2417 700 2463 ro.
717 2419 794 2464 135
810 2424 872 2464 ιο.
940 2409 977 2441 “
1021 2403 1319 2470 omnium
1377 2408 1741 2491 potestates
1799 2408 1870 2470 et
1926 2404 2150 2470 omnia
2189 2404 2347 2492 jura
2387 2426 2757 2493 regnorum,
2801 2403 3050 2491 respice
3069 2378 3285 2421 Μαι

939 2514 974 2542 “
1019 2506 1108 2571 ad
1154 2505 1677 2573 Christianorum
1727 2505 2056 2593 benignus
2108 2506 2449 2587 auxilium,
2496 2510 2577 2573 ut
2621 2510 2852 2595 gentes
2903 2526 3053 2592 quae

941 2618 980 2647 “
1024 2611 1098 2674 in
1127 2632 1248 2676 sua
1292 2609 1559 2676 feritate
1605 2608 1953 2676 confidunt
1994 2610 2316 2696 potentiae
2359 2609 2518 2676 Tuae
2564 2609 2840 2676 dextera
2881 2629 3054 2676 com-

942 2720 979 2749 “
1023 2713 1418 2801 primantur,
1464 2735 1582 2801 per
1628 2708 1975 2778 Christum
2020 2712 2389 2780 Dominum
2432 2710 2790 2779 nostrum‚’'

606 2843 689 2938 ἔξω
737 2842 895 2937 iouia
1011 2815 1286 2882 'Eodem
1345 2837 1507 2882 vero
1573 2836 1748 2880 anno
1818 2814 2090 2899 quidam
2155 2814 2263 2880 vir
2323 2820 2557 2901 potens
2619 2821 2690 2882 et
2755 2821 2935 2881 terra
2990 2797 3091 2881 et'

605 2944 841 3038 fflrffie
943 2919 1131 2996 mari,
1173 2918 1445 2985 natione
1477 2915 1794 3006 Sigulus,¹
1823 2918 2092 2984 nomine
2121 2917 2543 3007 Margus-itus,
2571 2941 2691 3006 per
2732 2919 3058 2988 auxilium

608 3047 827 3090 smoons
843 3043 895 3087 in
947 3020 1202 3088 domini
1247 3021 1352 3085 sui
1396 3020 1721 3086 Willelmi
1766 3020 1944 3107 regis
1988 3018 2254 3105 Siciliae,
2302 3021 2632 3108 profectus
2676 3044 2825 3093 cum
2872 3024 3061 3109 quin·

605 3096 870 3191 anogogem
943 3123 1162 3212 gentis
1190 3122 1393 3209 galeis
1437 3122 1604 3188 bene
1650 3122 1945 3201 munitis,
1975 3127 2046 3188 et
2089 3123 2253 3189 viris
2298 3124 2641 3204 bellicosis,
2675 3129 2747 3191 et
2776 3126 2965 3192 victu
2993 3133 3060 3194 et

945 3225 1162 3303 armis,
1208 3225 1279 3289 in
1324 3223 1653 3289 auxilium
1699 3223 2250 3306 Christianorum,
2297 3232 2370 3293 et
2413 3227 2561 3293 vias
2623 3229 2825 3294 maris
2869 3234 3062 3296 tanta

945 3328 1311 3410 calliditate
1378 3327 1733 3406 obstruxit,
1779 3327 1958 3413 quod
2025 3327 2400 3396 Sarracenis
2445 3330 2562 3417 qui
2605 3330 2851 3397 Acram
2904 3333 3060 3399 civi-

944 3434 1159 3496 tatem
1204 3433 1273 3495 et
1316 3434 1586 3496 caeteras
1652 3433 1851 3497 terrae
1914 3429 2289 3496 Jerusalem
2347 3432 2654 3499 civitates
2712 3439 2783 3500 et
2845 3434 3059 3500 muni-
3138 3509 3145 3515 ,

946 3535 1164 3599 tiones
1210 3532 1382 3599 circa
1425 3532 1762 3599 maritima
1807 3537 2287 3622 occupaverant
2354 3535 2579 3602 nullus
2639 3557 2905 3603 securus
2948 3560 3060 3626 pa—

944 3637 1136 3703 tebat
1180 3657 1488 3723 egressus.
1578 3635 1884 3724 Contigit
1927 3641 2153 3703 autem
2199 3636 2484 3723 quadam
2530 3638 2638 3703 die
2683 3640 2861 3725 quod
2904 3639 3059 3705 dum

949 3740 1196 3805 milites
1240 3744 1312 3806 et
1356 3737 1718 3804 servientes
1763 3738 2065 3805 Saladini
2107 3739 2427 3806 veherent
2469 3763 2654 3807 arma
2694 3764 2813 3829 per
2862 3764 3057 3824 mare,

949 3847 1020 3909 et
1063 3841 1385 3908 victualia
1427 3840 1515 3906 ad
1557 3841 2051 3908 subvectionem
2116 3842 2239 3907 filii
2301 3842 2600 3910 Saladini
2664 3851 2735 3911 et
2790 3844 3060 3914 familiae

951 3967 1087 4011 suae
1163 3944 1280 4030 qui
1355 3947 1547 4010 erant
1620 3942 1800 4029 apud
1873 3943 2133 4025 Acram,
2197 3946 2483 4012 occurrit
2549 3946 2644 4013 eis
2704 3948 3061 4035 praedictus

952 4046 1355 4135 Margaritus
1399 4067 1549 4112 cum
1594 4046 1772 4128 suis3
1816 4051 1886 4113 et
1929 4047 2272 4113 commisso
2301 4069 2451 4114 cum
2496 4048 2592 4116 eis
2634 4050 2881 4137 praelio,
2910 4051 3059 4119 illos

954 4151 1202 4217 devicit
1246 4155 1317 4216 et
1359 4170 1585 4215 omnes
1627 4149 1979 4217 interfecit.

618 4272 806 4317 salumn
1044 4252 1330 4318 Interim
1390 4251 1760 4334 saladinus,
1808 4273 2046 4339 magno
2091 4256 2487 4342 congregato
2554 4255 2867 4336 exercitu,
2910 4280 3054 4347 pro-

617 4374 832 4427 Antiooh,
951 4356 1163 4423 fectus
1228 4357 1303 4420 in
1368 4355 1776 4443 provinciam
1827 4354 2220 4436 Antiochiae,
2267 4360 2337 4422 et
2401 4356 2615 4423 multa
2674 4359 2944 4427 castella
2984 4364 3050 4427 et

953 4460 1356 4526 munitiones
1398 4458 1473 4523 in
1509 4481 1586 4524 ea
1614 4458 1807 4546 cepit,
1837 4463 1908 4524 et
1939 4458 2353 4526 Christianos
2378 4460 2726 4529 interfecit.
2794 4463 3046 4530 Deinde

1740 4768 1756 4834 .¹
1792 4764 2025 4835 Sty-aus]
2062 4766 2280 4823 Siculus.
