3585 5863
247 2843 473 2946 ἓτοῖἓῗὲἓε

1455 892 1758 944 cham.
2539 878 2666 944 189

566 1068 789 1149 nisset,
834 1091 957 1136 nec
1004 1068 1357 1135 Saladinus
1419 1090 1540 1135 nec
1584 1069 1866 1136 nuncius
1932 1069 2123 1136 venit
2186 1090 2308 1155 pro
2371 1090 2447 1135 eo
2493 1068 2665 1136 illuc.
2716 1084 2976 1189 3³31)ssss

570 1173 762 1253 Quod
805 1194 926 1238 rex
968 1172 1254 1237 multum
1318 1171 1671 1250 admiranS‚
1735 1171 1920 1242 misit
1981 1170 2258 1237 nuncios
2328 1171 2414 1236 ad
2481 1171 2665 1238 Sala-
2692 1197 2881 1242 sunnin
2896 1199 3003 1243 fana

569 1276 802 1340 dinum
864 1274 1207 1360 inquirens
1271 1268 1474 1359 qu'are
1542 1296 1677 1340 non
1734 1274 2030 1341 venisset
2096 1274 2180 1338 ad
2253 1272 2667 1359 colloquium.
2691 1248 2952 1351 ἓῖξοοῗὲῖῗη

570 1377 825 1459 Quibus
889 1376 1260 1458 SaladinuS,
1333 1382 1369 1412 ‘⁸
1403 1375 1632 1459 Quia,”
1699 1378 1940 1464 inquit,
2006 1383 2201 1442 “.non
2268 1378 2456 1463 potui
2522 1398 2670 1463 per·
2693 1349 2953 1445 'ffffiffifh

571 1487 609 1520 “
653 1481 847 1548 ficere
890 1480 1396 1546 conventionem
1440 1501 1639 1566 quam
1698 1481 1803 1547 sui
1849 1501 1997 1547 cum
2043 1501 2119 1547 eo
2164 1480 2474 1558 fecerant,
2521 1480 2670 1547 ideo

569 1591 602 1621 “
647 1605 782 1649 non
825 1580 1035 1650 venis

657 1686 785 1751 Die
829 1685 1080 1753 decimo
1122 1685 1403 1772 septimo
1447 1685 1690 1751 mensis
1734 1684 2044 1771 Augusti,
2091 1683 2405 1764 Sabbato,
2453 1684 2670 1751 clerici
2717 1703 2897 1779 Aufmt
2913 1706 2976 1751 ιτ.

569 1789 865 1854 civitatis
906 1790 1132 1854 Accon
1176 1787 1514 1874 elegerunt
1560 1787 1688 1854 sibi
1747 1788 2136 1875 episcopum.
2690 1767 3005 1863 ἑὲῗὲἓεὲξ,

661 1891 788 1957 Die
849 1889 1104 1957 decimo
1165 1895 1401 1956 octavo
1447 1890 1693 1957 mensis
1737 1891 2051 1977 Augusti,
2099 1890 2449 1957 Saladinus
2512 1890 2671 1957 fecit
2718 1907 2980 1960 Augusta.

569 1993 905 2080 amputari
950 1993 1170 2079 capita
1213 1993 1509 2057 omnium
1541 1991 2071 2059 Christianorum
2116 1994 2549 2081 captivorum,
2598 1994 2670 2058 in
2690 1970 2892 2065 {gfflffi
2906 2019 2980 2063 ωε

573 2096 680 2162 die
727 2095 1093 2173 Dominica‚
1142 2117 1304 2181 quos
1347 2096 1620 2162 reddere
1665 2096 1991 2162 debuerat
2034 2096 2107 2161 in
2150 2097 2669 2183 redemptionem
2693 2071 2938 2126 prisonem.

572 2219 997 2286 paganorum.
1074 2196 1327 2262 Eodem
1358 2197 1467 2263 die
1511 2220 1632 2263 rex
1663 2199 1929 2285 Angliae
1974 2198 2259 2266 removit
2305 2200 2670 2265 exercitum

571 2323 782 2378 suum,
828 2305 896 2366 et
938 2300 1093 2365 fixit
1136 2300 1429 2365 tentoria
1472 2321 1593 2365 sua
1648 2301 1919 2388 propius
1964 2301 2283 2368 exercitui
2329 2301 2633 2368 Saladini
2656 2327 2672 2383 3
2696 2331 2921 2376 summ

572 2409 641 2469 et
685 2423 1108 2489 congressum
1155 2402 1313 2468 fecit
1376 2423 1525 2468 cum
1570 2401 1884 2469 Saladino
1931 2409 2000 2469 et
2045 2427 2194 2470 cum
2260 2411 2462 2491 gente
2507 2427 2627 2470 sua
2654 2428 2670 2486 ;
2693 2383 2899 2491 ffifflss‘ffi
2912 2432 3007 2481 ana

572 2511 641 2571 et
684 2505 883 2571 multi
928 2527 1014 2570 ex
1057 2509 1335 2591 utraque
1396 2509 1584 2592 parte
1636 2506 2014 2573 ceciderunt
2059 2507 2395 2573 vulnerati
2439 2513 2510 2574 et
2567 2508 2673 2572 in·
2695 2483 2896 2532 mu·

485 2683 492 2690 ,
571 2607 847 2685 terfecti,
891 2608 1071 2674 inter
1131 2628 1294 2694 quos
1339 2606 1580 2673 Petrus
1633 2608 1903 2675 Minnot
1928 2607 1948 2646 ¹
1999 2609 2267 2695 quidam
2326 2609 2675 2675 familiaris

572 2712 745 2800 regis
788 2711 1054 2798 Angliae
1098 2710 1488 2779 interfectus
1533 2715 1649 2778 cst.
1871 2787 1877 2793 .

663 2813 862 2879 Nona
905 2812 1163 2878 decima
1206 2812 1313 2878 die
1359 2813 1668 2900 Augusti,
1717 2835 1868 2879 cum
1913 2835 2031 2880 rex
2077 2815 2338 2903 Angliae
2385 2816 2674 2882 audisset
2721 2827 2986 2910 Atusmttlv·

573 2940 802 2985 necem
833 2915 1364 2984 Christianorum
1412 2939 1576 3003 quos
1607 2915 1958 2984 saladinus
1987 2917 2423 2999 interfecerat,
2458 2919 2674 2986 doluit
2698 2892 2987 3012 fflifflitssp

569 3021 1011 3099 vehementer,
1046 3025 1116 3087 et
1163 3024 1389 3085 tamen
1431 3019 1653 3087 noluit
1698 3019 1875 3087 diem
1918 3022 2431 3110 peremptorium
2478 3045 2673 3110 quem
2697 2996 2949 3100 ἓῖιῇῗῖἒῗω
2963 3007 2988 3039 ⁸

571 3128 901 3191 statuerat
944 3123 1322 3209 anticipare.

662 3227 991 3293 Vicesima
1021 3224 1127 3290 die
1158 3225 1401 3291 mensis
1423 3226 1735 3313 Augusti,
1769 3226 1935 3292 feria
1964 3226 2209 3307 tertia?
2238 3228 2408 3295 xiiio.
2441 3229 2672 3297 kalen·
2697 3237 2899 3345 mAgffumssi
2915 3240 3009 3344 {3:ss

458 3347 470 3358 ·
572 3332 691 3397 das
735 3329 1157 3418 Septembris
1191 3328 1514 3403 Ricardus
1558 3350 1680 3394 rex
1708 3329 1976 3417 Angliae
2019 3330 2177 3397 fecit
2222 3352 2448 3398 omnes
2478 3355 2675 3421 paga·
2697 3352 2779 3395 the
2796 3352 2918 3395 cuke
2937 3353 2989 3394 or

570 3455 693 3500 nos
723 3433 837 3520 qui
883 3454 1034 3498 eum
1080 3431 1572 3517 contingebant,
1609 3431 1846 3497 ducere
1891 3438 2048 3498 ante
2092 3435 2457 3500 exercitum
2490 3436 2675 3502 Sala-
2697 3402 3010 3496 fflfflffiir

573 3538 734 3613 dini,
784 3540 850 3601 et
917 3536 992 3600 in
1035 3538 1388 3620 conspectu
1458 3532 1754 3599 omnium
1822 3534 1980 3599 fecit
2047 3541 2395 3622 amputare
2456 3539 2676 3624 capita
2698 3504 2941 3556 prisonem.

572 3640 853 3706 illorum.
943 3637 1103 3703 Dux
1168 3658 1328 3703 vero
1384 3636 1790 3722 Burgundiae
1833 3636 1992 3702 fecit
2052 3643 2400 3723 amputare
2448 3641 2675 3707 omnia

574 3742 796 3828 capita
839 3761 1247 3827 paganorum
1295 3739 1411 3825 qui
1473 3739 1815 3803 dominum
1861 3760 2055 3807 suum
2106 3762 2327 3827 regem
2375 3742 2675 3809 Franciae

574 3844 1064 3931 contingebant,
1139 3841 1315 3909 infra
1390 3864 1612 3908 muros
1687 3841 1985 3909 civitatis
2058 3848 2128 3909 et
2189 3850 2399 3924 extra,
2470 3867 2675 3934 prope

575 3948 934 4014 civitatem.
1323 3958 1338 3969 ’

668 4049 1029 4117 Christiani
1104 4070 1262 4115 vero
1336 4069 1625 4135 paganos
1697 4051 1995 4113 mortuos
2070 4049 2523 4130 eviscerantes
2604 4052 2675 4117 in
2700 4065 2986 4160 Qmffi

575 4154 955 4240 corporibus
1020 4152 1313 4239 ipsorum
1383 4149 1597 4216 multa
1662 4150 1977 4216 invenere
2045 4151 2373 4234 bisantia;
2443 4159 2513 4220 et
2586 4155 2677 4221 fel
2699 4127 2873 4211 {odig-

575 4279 802 4325 corum
845 4256 1246 4333 resecabant,
1295 4259 1366 4321 et
1412 4255 1561 4319 usui
1606 4254 1984 4319 medicinali
2030 4256 2474 4325 reservabant.

667 4361 762 4425 At
804 4382 922 4425 rex
969 4358 1236 4445 Angliae
1289 4356 1507 4422 noluit
1575 4356 1947 4422 interficere
1994 4356 2308 4436 Mestoch,
2354 4360 2471 4445 qui
2529 4367 2673 4426 erat
2696 4383 2795 4427 'rho
2810 4394 2936 4428 moro

581 4462 925 4531 admiralis
971 4462 1053 4526 de
1100 4460 1319 4540 Roais,
1366 4464 1436 4525 et
1479 4459 2007 4525 constabularius
2050 4461 2131 4526 de
2176 4460 2550 4528 Jerusalem
2604 4470 2674 4530 et
2697 4434 2951 4537 manunt

644 4712 661 4744 ¹
697 4710 926 4777 Minnot]
964 4709 1186 4775 Mignot,
1208 4707 1474 4759 Hoveden.
1621 4716 1632 4794 Ι
1677 4709 1862 4759 author
1896 4706 1951 4758 in
1989 4708 2108 4760 this.
2177 4708 2289 4760 The
2323 4717 2586 4763 statement
2623 4715 2685 4765 of

642 4791 664 4827 ’ἒ
697 4790 947 4852 Bohadin,
986 4795 1099 4850 183,
1119 4804 1289 4864 agrees
1325 4788 1449 4841 with
1490 4803 1583 4843 our
1622 4799 1632 4851 ι
1676 4787 1762 4840 the
1780 4786 2156 4840 Itinerariumis
2177 4789 2344 4842 rather
2365 4791 2676 4859 ambiguous.
