3585 5863
577 1024 690 1069 Aa).
708 1022 825 1067 1188.

541 1086 643 1130 'the
658 1090 801 1131 count

542 1139 734 1182 ramses.

636 1523 777 1569 June.

547 1591 756 1636 Richnrd

549 1642 740 1686 invades
755 1640 839 1686 tho

548 1693 793 1787 &¹333

553 1795 696 1857 (aster
711 1794 838 1838 June

550 1896 647 1947 184)
654 1926 667 1939 .

548 2132 671 2177 Phili
720 2145 841 2178 oom-

550 2184 714 2287 Ψώ-
717 2187 784 2279 τε,

549 2285 633 2328 the
648 2285 849 2328 conduct

549 2336 603 2379 or
615 2335 833 2380 mahat-d.

557 3165 815 3261 Qffiffl·

558 3267 784 3361 &Q

559 3367 806 3421 lim-511.

598 4192 713 4239 Λᾶ).
727 4195 844 4241 1187.

582 4258 863 4355 ἕθέιῗξὲ.

877 810 961 875 36
1706 817 1923 870 essu
1965 817 2168 869 asom.

882 1019 1070 1087 prece
1114 1018 1236 1063 nec
1278 993 1495 1082 pretio
1525 993 1671 1059 illos
1702 992 2089 1069 dimitteret,
2121 991 2251 1056 nisi
2280 1009 2494 1055 comes
2523 988 2845 1055 Ricardus
2879 989 2979 1055 di-

883 1101 1166 1166 misisset
1195 1100 1257 1164 ei
1285 1098 1680 1163 servientem
1709 1117 1920 1160 suum.
2012 1095 2197 1159 Tunc
2238 1114 2359 1159 rex
2404 1093 2703 1158 Franciae
2746 1092 2982 1158 videns

885 1203 1062 1290 quod
1124 1201 1377 1267 nullam
1437 1200 1616 1265 inter
1658 1199 2007 1287 praedictos
2073 1197 2345 1262 comites
2406 1215 2632 1283 pacem
2678 1196 2785 1262 vel
2831 1217 2981 1260 con-

886 1305 1174 1372 cordiam
1218 1304 1429 1370 facere
1472 1306 1711 1390 posset,
1757 1300 2011 1366 dimisit
2056 1321 2180 1377 eos,
2228 1300 2330 1364 ira
2390 1305 2458 1365 et
2521 1298 2674 1364 odio
2716 1297 2983 1363 mortali

885 1407 1364 1486 inflammatos3
1424 1417 1494 1471 et
1537 1425 1835 1470 reversus
1879 1408 1982 1468 est
2024 1402 2099 1466 in
2145 1402 2506 1467 Franciam.

979 1509 1212 1577 Comes
1255 1531 1414 1575 vero
1460 1506 1883 1587 Pictavensia
1929 1526 2171 1592 magno
2234 1507 2626 1592 congregato
2670 1503 2980 1579 exercitu,
3008 1519 3254 1616 gig-rw

887 1613 1171 1678 intravit
1199 1617 1441 1678 terram
1473 1609 1732 1676 comitis
1776 1609 1859 1675 de
1891 1607 2134 1674 Sancto
2166 1606 2450 1695 AEgidio,
2482 1611 2551 1672 et
2580 1627 2725 1671 eam
2756 1606 2986 1671 devas-

886 1716 1063 1782 tavit
1092 1716 1165 1779 in
1194 1714 1643 1781 combustione
1671 1712 1850 1800 ignis
1879 1717 1947 1777 et
1977 1710 2321 1775 hominum
2350 1707 2824 1775 interfectione.
2896 1709 2986 1774 Et

887 1818 1154 1895 castella
1180 1817 1386 1903 ipsius
1430 1837 1631 1904 prope
1661 1814 1964 1880 Tolosam
2009 1813 2288 1893 obsedit,
2320 1823 2391 1879 et
2433 1811 2620 1896 cepit.
2686 1812 2985 1877 Audiens

886 1922 1096 2008 igitur
1127 1919 1471 2008 Philippus
1499 1940 1618 1984 rex
1648 1919 1945 1984 Franciae
1974 1919 2261 2005 gemitus
2306 1916 2532 2004 populi
2562 1914 2886 1996 Tolosani,
2916 1923 2986 1982 et

888 2024 1199 2091 clamores
1242 2023 1501 2088 comitis
1546 2022 1625 2088 de
1657 2020 1898 2087 Sancto
1929 2021 2214 2108 AEgidio,
2254 2025 2473 2086 tactus
2517 2020 2617 2084 ira
2659 2024 2728 2085 et
2770 2019 2987 2105 indig-

887 2127 1159 2192 natione
1213 2125 1620 2203 intrinsecus,
1667 2126 1943 2190 nuncios
1986 2145 2138 2189 suos
2181 2124 2368 2190 misit
2411 2125 2484 2189 in
2525 2124 2841 2211 Angliam
2901 2123 2986 2188 ad

890 2229 1252 2295 Henricum
1309 2251 1544 2317 regem,
1589 2227 1965 2314 significans
2027 2227 2089 2292 ei
2151 2248 2447 2294 excessus
2492 2232 2562 2293 et
2604 2228 2991 2316 gravamina

888 2355 1038 2420 quae
1082 2332 1364 2399 faciebat
1427 2331 1526 2396 illi
1588 2334 1657 2395 et
1721 2329 1909 2417 genti
1976 2351 2113 2394 suae
2176 2351 2389 2396 comes
2448 2331 2773 2398 Ricardus
2815 2332 2991 2398 filius

887 2435 946 2521 ej
953 2452 1046 2516 uS,
1095 2441 1167 2502 et
1209 2434 1408 2523 petiit
1469 2434 1554 2498 ab
1621 2454 1697 2499 eo
1764 2433 1893 2498 sibi
1959 2433 2102 2498 fieri
2163 2433 2248 2499 ab
2310 2455 2388 2499 eo
2451 2434 2990 2502 emendationem.

889 2538 1037 2604 Rex
1081 2559 1238 2604 vero
1268 2536 1530 2625 Anglise
1574 2535 1912 2623 respondit
1940 2535 2073 2600 illis
2117 2535 2233 2620 qui
2276 2535 2459 2601 missi
2500 2536 2781 2617 fuerant,
2814 2538 2992 2624 quod

889 2640 1208 2707 Ricardus
1252 2640 1430 2706 filius
1474 2660 1628 2705 suus
1671 2638 1841 2703 nihil
1883 2638 2117 2703 horum
2161 2637 2403 2704 fecerat
2470 2660 2588 2726 per
2648 2641 2991 2706 consilium

888 2751 958 2811 et
1001 2744 1419 2811 voluntatem
1462 2742 1685 2830 ipsius,
1733 2747 1803 2807 et
1846 2741 2022 2827 quod
2065 2740 2206 2828 ipse
2250 2764 2402 2807 eum
2436 2740 2802 2827 justificare
2861 2766 2994 2810 non

888 2847 1126 2934 potuit.
1217 2844 1346 2912 His
1389 2845 1640 2911 auditis
1683 2844 1911 2910 nuncii
1955 2844 2128 2933 regis
2174 2844 2472 2912 Franciae
2516 2867 2679 2934 quos
2737 2846 2879 2935 ipse
2922 2847 2994 2911 in

891 2949 1207 3036 Angliam
1254 2948 1537 3023 miserat,
1568 2947 1910 3013 redierunt
1937 2947 2022 3013 ad
2053 2970 2204 3030 eum
2249 2954 2653 3037 exponentes
2681 2949 2744 3014 ei
2772 2949 2997 3015 omnia

892 3074 1041 3139 quae
1086 3049 1435 3116 audierant
1479 3054 1548 3115 et
1592 3049 1913 3117 viderant.

984 3151 1264 3217 Interim
1316 3151 1684 3238 pan-iambe„
1726 3152 2103 3219 Antiochiae
2165 3153 2401 3222 videns
2469 3136 2993 3223 Christianorum
3019 3166 3263 3272 guvia&

894 3252 1430 3343 persecutionem,
1489 3274 1688 3340 quam
1754 3254 2056 3341 permisit
2129 3255 2329 3336 Deus,
2407 3259 2688 3345 peccatis
2754 3260 2996 3324 nostris
3020 3270 3218 3314 obortur-

896 3355 1331 3443 exigentibus,
1379 3355 1523 3421 fieri
1584 3356 1658 3422 in
1721 3361 1901 3422 terra
1942 3356 2313 3425 Jerusalem
2373 3365 2444 3426 et
2504 3361 2579 3425 in
2642 3361 2999 3448 provinciis

897 3458 1366 3545 adjacentibus,
1413 3458 1641 3526 timuit
1708 3460 1836 3525 sibi
1895 3466 1967 3527 et
2027 3460 2238 3526 nobili
2305 3462 2566 3529 civitati
2610 3464 2996 3531 Antiochiae.

900 3563 992 3628 Et
1037 3561 1312 3628 mittens
1355 3561 1630 3628 nuncios
1689 3585 1841 3628 suos
1903 3584 2021 3650 per
2080 3565 2424 3632 universos
2469 3565 2993 3634 Christianorum

897 3665 1236 3753 principes,
1286 3662 1571 3730 Henrico
1636 3666 1775 3750 regi
1819 3665 2101 3752 Angliae,
2144 3667 2286 3733 fflio
2356 3668 2655 3735 Matildis
2718 3671 2995 3758 impera-

898 3767 1096 3846 tricis,
1143 3766 1404 3855 scripsit
1446 3767 1519 3830 in
1563 3766 1684 3831 hac
1727 3766 1953 3834 forma.

993 4073 1000 4078 ·
1076 4059 1116 4085 ‘⁴
1141 4056 1409 4130 Epistola
1433 4058 1782 4130 pam-emma
1819 4059 1887 4115 aa
1920 4059 2225 4117 Auamma
2259 4062 2338 4117 aa
2370 4079 2552 4134 ,ψη
2583 4064 2827 4138 Αηςιεω.

975 4196 1013 4223 “
1041 4194 1202 4260 Hau,¹
1239 4195 1352 4251 Dei
1389 4196 1586 4268 gratia
1620 4196 1872 4254 sanctae²
1896 4204 1957 4255 et
1990 4201 2323 4272 apostolicae
2356 4202 2514 4259 sedis
2538 4201 2865 4259 Antiochiae
2899 4221 2999 4275 pa-
3024 4211 3271 4265 novacen.

904 4280 943 4306 “
981 4279 1257 4347 triarcha,
1298 4280 1577 4347 Henioc,
1616 4299 1722 4353 per
1758 4282 2003 4339 eandem
2056 4286 2311 4356 gratiam
2344 4285 2673 4358 Anglorum
2726 4288 2995 4345 illustris.
3022 4266 3114 4309 ³⁸⁸·
3132 4263 3182 4309 ¹²·
3197 4266 3273 4313 Β·

907 4445 1046 4451 m.-
1091 4446 1224 4453 -„——

2564 4453 2988 4462 ·W*-—-—-.—-

966 4583 982 4615 1
1017 4582 1152 4651 Hm]
1185 4582 1428 4648 Aimerie,
1450 4585 1723 4651 Famem
1740 4591 1904 4637 11⁴2-
2002 4553 2200 4606 written
2223 4556 2411 4622 during
2430 4557 2517 4608 the
2537 4557 2676 4624 ,iege
2708 4558 2772 4609 of
2795 4558 3002 4610 Jemm-
3044 4529 3063 4544 .

903 4678 1044 4727 1187.
1114 4676 1241 4728 This
1261 4678 1409 4730 letter
1437 4687 1575 4730 must
1607 4679 1739 4731 have
1770 4681 1900 4732 been
2001 4633 2511 4764 leff'giffi‘oew'oet·
2536 4642 2585 4687 ³·

1948 4757 1959 4773 .
2304 4715 2330 4781 ]
2369 4731 2469 4766 om.
2491 4716 2554 4767 Β.
