3585 5863
846 799 974 865 216
1660 811 1874 864 essm
1917 812 2118 864 sams

545 1010 656 1056 AJ).
671 1012 787 1057 11⁹1.
848 989 887 1014 “
927 993 1066 1044 sunt
1114 984 1408 1044 un‘wersa.
1483 985 1683 1058 Hujus
1712 988 1906 1044 'erant
1959 988 2141 1059 regiae
2196 1004 2377 1060 gazae,
2416 986 2733 1042 thesaurus
2767 989 2945 1040 ‘totus
2969 985 3248 1035 novedm.

562 1076 772 1121 october.
852 1075 890 1099 “
931 1079 993 1127 et
1027 1072 1204 1128 fiscus
1241 1071 1596 1144 generaliter
1644 1073 1856 1139 omnis,
1895 1079 1965 1128 ut
1994 1073 2123 1143 jam
2157 1089 2273 1127 uon
2307 1071 2471 1142 regis
2508 1071 2613 1126 sed
2648 1088 2757 1127 sua
2791 1069 2949 1124 dice-
2971 1042 3079 1083 ‘¹¹⁰⁰'
3097 1049 3150 1081 ⁸⁶
3169 1041 3243 1082 ¹⁸·

514 1168 604 1214 His
618 1169 798 1223 luxury.
852 1160 891 1186 “
928 1163 1095 1213 retur
1149 1174 1246 1212 res
1285 1156 1581 1228 quaelibet,
1635 1175 1767 1229 quae
1821 1156 1931 1213 sub
1967 1158 2203 1213 climate
2239 1163 2440 1212 nostro
2477 1162 2721 1212 nataret.
2798 1153 2951 1223 Quia

853 1245 891 1270 “
929 1259 1039 1297 nec
1096 1242 1330 1298 venatio
1384 1242 1447 1297 in
1496 1242 1693 1307 terris,
1750 1260 1860 1298 nec
1910 1242 2160 1313 piscatio
2211 1242 2275 1297 in
2329 1258 2499 1314 aqua,
2555 1258 2665 1296 nec
2713 1238 2951 1295 volatus

855 1328 895 1353 “
937 1321 1117 1396 [erat]
1158 1322 1219 1380 in
1257 1340 1413 1390 aere,
1463 1325 1567 1397 qui
1607 1342 1729 1381 suae
1765 1344 1883 1381 non
1932 1332 2288 1397 cogerentur
2333 1344 2555 1384 mensae
2591 1324 2847 1381 servire:
2885 1327 2959 1377 ut

857 1411 896 1437 “
935 1410 1190 1481 partitus
1222 1409 1532 1466 videretur
1567 1409 1752 1466 fuisse
1788 1410 2081 1467 elementa
2115 1428 2251 1466 cum
2287 1411 2435 1478 Deo,
2473 1410 2692 1467 coelum
2724 1412 2956 1463 tantum

858 1496 896 1522 “
936 1494 1074 1549 coeli
1144 1494 1396 1549 Domino
1474 1494 1835 1566 relinquens,
1894 1499 2108 1550 oaetera
2167 1496 2285 1552 tria
2368 1496 2493 1552 suis
2562 1492 2770 1548 usibus
2845 1490 2956 1545 sed

857 1581 896 1605 ‘⁶
937 1578 1219 1645 abusibus
1258 1584 1318 1633 et
1352 1577 1582 1634 lusibus
1636 1578 1951 1649 profutura
2001 1596 2333 1634 reservans,
2408 1578 2568 1635 Huic
2604 1593 2806 1632 omnes
2843 1573 2958 1628 filii

859 1663 897 1688 “
934 1659 1224 1716 nobilium
1262 1660 1598 1717 serviebant
1630 1661 1805 1718 vultu
1858 1660 2134 1728 demiss0,
2172 1680 2282 1718 nec
2337 1661 2400 1718 in
2435 1661 2652 1717 coelum
2688 1658 2957 1730 aspicere

857 1747 896 1772 “
936 1745 1246 1810 audebant,
1284 1742 1401 1801 nisi
1435 1744 1591 1800 forte
1645 1745 1719 1800 ab
1774 1762 1844 1800 eo
1879 1744 2106 1812 vocati3
2158 1752 2219 1801 et
2255 1746 2308 1801 si
2345 1745 2520 1801 aliter
2567 1747 2960 1800 attentassent

520 1847 792 1944 gamud-
858 1832 897 1856 “
937 1829 1141 1885 aculeo
1176 1829 1593 1900 pungebantur
1640 1847 1818 1901 quem
1872 1829 2144 1885 dominus
2197 1847 2323 1901 prae
2373 1828 2643 1884 manibus
2679 1825 2955 1889 habebat,

623 1910 897 1944 erma«
1240 1912 1252 1925 .
1621 1912 1633 1924 .
1721 1913 1733 1925 .
1884 1912 1897 1924 .
2015 1913 2027 1925 .
2180 1913 2191 1924 .
2376 1912 2433 1924 ..
2660 1908 2959 1963 ..main

522 1949 800 2046 suffit.
860 2000 899 2025 «
934 1912 2615 2069 {55:303312'13325232023222‘33„3³¹5..32⁸1ssssssss
2617 1910 2958 2063 ‘1²33ngOE

862 2085 901 2110 “
938 2086 1339 2137 consueverat.
1416 2080 1531 2149 Qui
1566 2080 1805 2158 tandem
1859 2079 1935 2135 ad
1969 2079 2299 2137 remedium
2350 2079 2644 2134 libertatis
2698 2077 2773 2133 ad
2807 2077 2957 2132 fines

521 2189 620 2232 The
636 2189 774 2232 chm-
862 2167 901 2193 “
938 2164 1418 2221 Normannorum
1440 2163 1846 2220 transvolavit.
1916 2163 2116 2235 Hujus
2140 2170 2381 2236 nepotes
2406 2169 2468 2219 et
2490 2162 2959 2233 consanguineas

524 2241 665 2283 ⁰0¹¹&
678 2240 827 2333 hssed
863 2252 902 2276 “
941 2249 1067 2306 sive
1106 2266 1487 2321 quascunque
1510 2248 1875 2320 propinquas
1914 2247 1987 2303 de
2023 2266 2284 2320 paupere
2320 2248 2561 2319 tugurio
2596 2252 2956 2320 procreatas,

521 2303 597 2384 {la
615 2341 772 2395 family
865 2336 904 2362 ‘⁸
943 2334 1189 2390 comites
1214 2339 1275 2388 et
1309 2332 1555 2388 barones
1591 2333 1890 2404 regnique
1916 2339 2221 2403 magnates
2258 2333 2374 2389 sibi
2410 2350 2642 2389 summa
2675 2331 2958 2387 aviditate

521 2391 683 2494 Βζεω,
702 2414 721 2427 “
862 2421 902 2446 “
941 2418 1005 2472 in
1051 2416 1495 2487 matrimonium
1548 2416 1826 2487 copulare
1878 2415 2179 2482 ardebant,
2236 2417 2563 2488 gloriosum
2611 2420 2957 2487 reputantes

863 2505 902 2530 “
942 2518 1293 2574 quocunque
1330 2500 1507 2557 titulo
1543 2499 1970 2556 familiaritatis
2024 2499 2154 2571 ejus
2205 2501 2464 2571 gratiam
2512 2496 2953 2573 adquisissent3

862 2589 902 2614 “
939 2604 1049 2643 nec
1085 2590 1214 2642 erat
1260 2583 1523 2641 rusticus
1578 2583 1681 2656 qui
1720 2601 1951 2656 agrum,
1991 2601 2101 2639 nec
2154 2582 2303 2639 civis
2360 2585 2463 2655 qui
2523 2584 2789 2649 fundum,
2845 2602 2958 2640 nec

863 2673 901 2698 ‘⁴
939 2670 1111 2726 miles
1150 2669 1253 2740 qui
1288 2668 1601 2740 praedium,
1640 2685 1750 2724 nec
1798 2666 2051 2723 clericus
2090 2668 2193 2740 qui
2241 2667 2571 2733 ecelesiam,
2608 2685 2718 2723 nec
2757 2685 2958 2723 mona-

862 2758 900 2783 “
940 2755 1087 2811 chus
1114 2753 1217 2825 qui
1241 2751 1534 2808 abbatiam
1571 2752 1890 2818 affectaret,
1919 2768 2098 2823 quem
2133 2752 2198 2807 in
2225 2751 2327 2822 jus
2353 2758 2415 2807 et
2448 2757 2800 2824 potestatem
2823 2751 2957 2823 ejus

862 2841 901 2868 ‘⁶
939 2837 1194 2893 transire
1228 2853 1347 2891 non
1381 2841 1698 2907 oporteret.
1774 2835 1945 2891 Licet
1992 2835 2150 2891 enim
2187 2835 2336 2890 flexo
2383 2854 2543 2907 genu
2576 2841 2701 2892 tota
2732 2836 2960 2908 Anglia

862 2925 900 2950 ‘⁴
940 2921 996 2976 ei
1033 2920 1379 2986 deserviret,
1420 2918 1496 2975 ad
1530 2919 1894 2976 Francorum
1930 2924 2131 2976 tamen
2164 2918 2497 2976 libertatem
2535 2938 2768 2994 semper
2803 2921 2962 2993 aspi-

524 3035 600 3082 Ηθ
615 3037 799 3081 samm„
864 3007 903 3034 ‘⁸
942 3023 1100 3070 rans,
1133 3002 1341 3081 [apud]
1369 3003 1645 3059 Oximum
1662 3004 1681 3037 ¹
1716 3004 1938 3061 milites
1976 3003 2375 3062 deservientes
2414 3023 2762 3078 omnemque
2786 3023 2960 3062 suam

523 3088 608 3132 tho
624 3088 817 3138 French,
865 3091 903 3117 “
943 3088 1231 3144 familiam
1264 3087 1659 3154 abstrahebat,
1688 3094 1750 3143 et
1784 3095 1985 3160 spreta
2018 3089 2084 3144 in
2105 3088 2375 3144 omnibus
2399 3095 2577 3160 gente
2599 3090 2956 3163 Anglorum,

524 3136 724 3241 ffigng
741 3139 837 3233 ξιξ
863 3175 901 3200 “
942 3172 1193 3243 stipatus
1267 3171 1505 3243 agmine
1576 3172 1940 3228 Francorum
1998 3178 2060 3228 et
2117 3172 2570 3230 Flandrensium
2625 3174 2960 3245 pompatice

864 3258 902 3285 ‘⁴
941 3254 1268 3321 incedebat,
1325 3254 1840 3311 subsannationem
1894 3256 1958 3311 in
2007 3256 2270 3322 naribus,
2311 3257 2661 3313 cachinnum
2712 3257 2777 3312 in
2828 3275 2955 3324 ore,

866 3343 905 3369 “
945 3339 1210 3396 derisum
1246 3339 1311 3394 in
1343 3339 1552 3407 oculis,
1582 3339 1971 3412 supercilium
1994 3340 2058 3395 in
2092 3341 2283 3396 fronte
2320 3347 2560 3413 gestans
2595 3359 2701 3413 pro
2737 3341 2962 3397 lamina

527 3416 617 3480 His
634 3436 735 3480 nat·
866 3430 905 3454 ‘⁶
945 3424 1286 3481 sacerdotis.
1386 3424 1506 3480 Hic
1566 3424 1643 3480 ad
1701 3429 2087 3496 augmentum
2155 3432 2217 3481 et
2274 3426 2493 3480 famam
2551 3427 2645 3481 sui
2703 3424 2960 3482 nominis

523 3488 684 3532 Μ
866 3512 906 3538 “
944 3508 1312 3566 emendicata
1363 3509 1627 3565 carmina
1676 3515 1737 3565 et
1787 3508 2098 3581 rhythmos
2151 3509 2509 3566 adulatorios
2562 3511 2957 3582 comparabat,

865 3597 904 3623 ‘⁴
945 3600 1005 3650 et
1040 3593 1112 3650 de
1146 3611 1333 3666 regno
1368 3593 1732 3650 Francorum
1781 3600 2051 3651 cantores
2103 3599 2165 3651 et
2205 3593 2566 3665 joculatores
2614 3595 2961 3652 muneribus

866 3682 906 3709 ‘⁸
946 3679 1249 3744 allexerat,
1288 3684 1359 3734 ut
1394 3678 1467 3734 de
1518 3678 1623 3734 illo
1659 3686 1937 3736 canerent
1971 3682 2035 3735 in
2067 3680 2314 3751 plateis;
2368 3686 2430 3736 et
2475 3681 2603 3751 jam
2652 3682 2962 3738 dicebatur

866 3766 905 3792 “
942 3762 1165 3835 ubique
1203 3762 1360 3833 quod
1393 3778 1511 3818 non
1559 3767 1689 3818 erat
1739 3763 1879 3819 talis
1915 3764 1981 3818 in
2029 3762 2193 3819 orbe.
2267 3763 2347 3826 Et
2390 3781 2601 3821 revera
2635 3765 2689 3821 si
2721 3772 2960 3839 tempus

865 3851 903 3876 “
944 3847 1196 3904 Oaesaris
1220 3847 1449 3913 fuisset,
1480 3864 1544 3903 se
1568 3846 1762 3903 Deum
1788 3848 1996 3904 vivum
2018 3866 2156 3904 cum
2179 3848 2416 3904 Tiberio
2433 3849 2455 3881 ²
2478 3850 2764 3922 appellari
2786 3852 2963 3908 fecis·

574 3946 726 3991 ro.17⁷
744 3953 804 3992 ro.
866 3933 906 3959 ‘⁸
947 3937 1056 3988 set.
1151 3930 1305 3986 Oum
1355 3937 1555 3986 autem
1608 3948 1714 3986 rex
1761 3930 1819 3986 ei
1869 3932 2114 3988 comites
2166 3931 2491 3989 addidisset
2543 3941 2612 3989 ut
2663 3937 2962 3993 communi

531 4032 621 4076 ,His
637 4046 742 4078 oon-
869 4019 907 4043 “
946 4016 1191 4072 consilio
1239 4015 1452 4071 saltem
1500 4013 1727 4086 majora
1777 4014 2095 4082 ordinaret,
2135 4018 2311 4090 regni
2361 4025 2692 4075 consortem
2743 4038 2964 4093 nequa-

529 4085 833 4189 &gfff-{w
869 4103 908 4128 ‘⁶
949 4116 1125 4171 quam
1174 4098 1392 4153 habere
1441 4098 1741 4164 sustinuit,
1788 4100 1930 4171 quia
1981 4099 2189 4172 gloriae
2243 4119 2365 4158 suae
2400 4101 2725 4174 plurimum
2760 4104 2965 4161 erede-

870 4185 911 4213 “
951 4190 1049 4239 ret
1113 4182 1479 4248 dedecorari,
1536 4182 1589 4238 si
1643 4182 1995 4254 cujusquam
2044 4185 2310 4241 mortalis
2369 4186 2615 4243 consilio
2637 4188 2957 4260 indigeret.

869 4268 908 4295 ‘⁸
953 4266 1129 4323 Solus
1167 4283 1311 4338 ergo
1365 4266 1656 4338 regnabat
1703 4272 1766 4323 et
1801 4266 1962 4323 solus
1995 4269 2346 4341 imperabat,
2387 4277 2448 4327 et
2499 4289 2537 4327 a
2581 4274 2735 4328 mari
2769 4292 2963 4346 usque

868 4353 907 4379 “
944 4350 1023 4406 ad
1056 4367 1220 4406 mare
1256 4350 1577 4406 timebatur
1627 4355 1697 4407 ut
1731 4349 1917 4418 Deus,
1958 4359 2021 4407 et
2055 4354 2108 4409 si
2157 4353 2293 4426 plus
2329 4354 2608 4422 dicerem,
2646 4375 2764 4413 nou
2797 4375 2964 4414 meu-

866 4437 906 4465 “
942 4434 1127 4504 tirer;
1178 4434 1320 4507 quia
1354 4434 1516 4490 Deus
1562 4434 1918 4506 longanimis
1957 4442 2051 4495 est
2095 4443 2159 4494 et
2192 4439 2554 4506 misericors,
2592 4443 2723 4514 ipse
2759 4450 2964 4500 autem

2411 4613 2522 4621 ——ai
2537 4613 2962 4627 --..-..—-——--

925 4720 942 4754 ¹
983 4719 1235 4791 oximum]
1275 4719 1547 4789 oxonium,
1568 4721 1636 4779 Η.
1897 4725 1909 4794 Ι
2003 4722 2025 4760 2
2068 4725 2290 4796 Tiberio]
2327 4727 2542 4796 liberie,
2564 4731 2627 4787 B.
2643 4729 2712 4785 H.
