3585 5863
266 1100 501 1151 Heroden.

263 1155 497 1199 mun.
606 1169 644 1194 u

263 1762 311 1806 Β.
328 1763 459 1808 Lukc
469 1762 503 1808 i.
515 1764 582 1809 7⁸.
609 1756 647 1780 “

259 2289 555 2333 leot-112.

260 2342 313 2383 Β.
334 2339 476 2383 buke-
490 2339 592 2383 τὶν.
609 2344 648 2369 ⁸⁸

259 2394 317 2434 11

256 2691 563 2739 anvts.
606 2682 646 2707 ‘⁴

245 3958 517 4011 200r.i.8.

1500 906 1808 957 chnm.
2568 892 2699 962 217

608 1082 647 1109 ‘⁸
682 1081 749 1136 in
778 1081 1011 1153 impetu
1043 1079 1198 1135 male
1230 1085 1442 1136 cuncta
1474 1080 1838 1147 ministrans,
1865 1084 1984 1136 nec'
2009 1078 2074 1135 in
2107 1078 2374 1135 faciendo
2403 1079 2698 1151 justitiam
2754 1085 2865 1131 ΑΔ).
2881 1089 2998 1130 1191.

683 1165 899 1221 habere
948 1182 1059 1221 nee
1112 1165 1175 1220 in
1225 1165 1568 1221 sustinendo
1619 1182 1847 1220 moram
1899 1165 2094 1237 potuit
2147 1170 2504 1236 exspectare.
2578 1164 2699 1220 Hic
2723 1152 2982 1261 Ηὲὓαᾞζθῗ·

605 1252 645 1277 “
684 1249 863 1305 etiam
900 1248 1122 1304 domini
1171 1249 1268 1305 sui
1303 1249 1533 1304 litteras
1577 1266 1781 1304 omnes
1831 1254 1896 1303 et
1936 1247 2213 1304 mandata
2254 1249 2586 1320 spernebat,
2624 1265 2698 1303 ne
2721 1266 2910 1311 temned
2926 1265 3010 1308 tho

605 1336 645 1361 “
684 1333 987 1389 dominum
1021 1332 1239 1388 habere
1274 1332 1600 1398 videretur,
1628 1350 1702 1388 ne
1739 1332 2020 1404 cuiquam
2056 1332 2300 1388 subesse
2336 1332 2695 1397 crederetur,
2720 1318 2870 1368 ¹⁰¹²&
2886 1328 3005 1360 ⁰⁰¹³·

606 1420 645 1445 ‘⁶
684 1416 789 1489 qui
825 1433 1026 1473 omnes
1064 1416 1236 1488 quasi
1273 1433 1476 1473 servos
1514 1434 1638 1472 suae
1674 1416 1900 1472 fecerat
1920 1416 2258 1473 voluntatis.
2323 1416 2477 1472 Cum
2513 1416 2700 1488 igitur

606 1502 646 1529 ‘⁶
684 1500 911 1573 Anglia
962 1500 1074 1557 sub
1123 1506 1247 1556 tam
1303 1501 1476 1571 gravi
1528 1518 1705 1556 onere
1761 1507 1824 1557 et
1869 1502 2021 1573 jugo
2062 1500 2425 1573 importabili
2476 1501 2700 1556 diutius

608 1587 646 1612 “
684 1585 1027 1650 laborasset,
1066 1583 1464 1656 ingemiscens
1499 1585 1737 1641 tandem
1789 1592 2031 1657 propter
2082 1603 2277 1657 opera,
2318 1584 2596 1642 clamavit
2640 1586 2703 1641 in

609 1672 648 1697 “
686 1669 1054 1734 fortitudine,
1082 1675 1145 1724 et
1178 1669 1443 1725 ascendit
1465 1668 1688 1725 clamor
1712 1669 1844 1741 ejus
1883 1668 1959 1724 ad
1982 1669 2321 1735 Dominum,
2347 1678 2411 1726 et
2443 1670 2704 1741 respexit

2721 1368 2898 1417 mauds.

686 1770 818 1809 eam
852 1753 1065 1809 Oriens
1121 1770 1193 1808 ex
1245 1752 1383 1818 alto,
1425 1752 1540 1822 Qui
1594 1754 1986 1824 superborum
2040 1760 2101 1809 et
2154 1753 2500 1810 sublimium
2552 1754 2704 1810 colla

609 1839 649 1866 “
685 1837 927 1909 propria
947 1837 1168 1893 virtute
1206 1837 1529 1902 conculcat,
1559 1844 1621 1893 et
1654 1837 1910 1893 humiles
1948 1838 2166 1893 exaltat
2199 1838 2263 1892 in
2296 1837 2703 1910 magnitudine

607 1924 645 1948 “
684 1921 913 1978 brachii
940 1920 1066 1977 Sui.
1133 1920 1237 1977 Sol
1272 1938 1483 1993 nempe
1514 1921 1787 1993 justitiae,
1814 1921 1958 1978 licet
1993 1922 2164 1977 bonis
2188 1922 2387 1978 luceat
2423 1929 2484 1977 et
2504 1923 2699 1989 maliS,

607 2007 646 2032 ‘⁶
686 2011 883 2060 tamen
917 2004 1038 2060 alta
1072 2004 1430 2077 sapientium
1464 2006 1668 2061 oculos
1718 2011 1988 2071 excaecat,
2030 2011 2092 2061 et
2125 2013 2352 2061 mentes
2388 2006 2705 2062 humilium

607 2092 647 2117 “
691 2088 797 2144 Sui
813 2088 1060 2145 luminis
1080 2088 1479 2145 illustratione
1517 2089 1837 2145 foecundat.
1898 2089 2070 2145 Licet
2092 2089 2280 2160 igitur
2303 2090 2696 2145 cancellarius

324 2420 341 2434 ⁰
609 2429 648 2453 u

256 2451 502 2499 mmm
518 2454 582 2496 18.
610 2514 649 2538 “
687 2518 833 2566 rotoe
871 2527 1003 2582 quae
1038 2509 1307 2565 infimum
1341 2508 1545 2581 erigit,
1575 2514 1637 2565 et
1671 2511 1970 2566 elevatum
1994 2509 2326 2582 deprimere
2361 2511 2698 2567 consuevit:

262 2189 479 2283 ffli.
497 2237 563 2282 π.
607 2175 647 2200 “
685 2173 788 2231 ille
826 2174 1059 2229 fortiter
1093 2172 1361 2243 legisset,
1402 2173 1650 2230 summis
1688 2180 1848 2230 stare
1885 2172 1989 2229 diu
2013 2180 2287 2245 negatur,
2316 2179 2378 2230 et
2423 2177 2438 2200 ⁸
2456 2174 2561 2245 quj
2586 2180 2705 2230 stat,

608 2259 647 2284 u

691 2260 706 2285 ‘
732 2256 934 2313 videat
968 2273 1041 2311 ne
1079 2256 1291 2322 cadat,’
1329 2263 1407 2322 et,
1441 2260 1455 2285 ‘
1478 2258 1582 2328 qui
1620 2274 1683 2313 se
1720 2257 1935 2313 exaltat
1969 2257 2420 2323 humiliabitur-,³
2458 2264 2535 2324 et,
2565 2258 2707 2330 quia

687 2348 825 2398 ante
859 2341 1096 2400 ruinam
1132 2341 1425 2397 exaltatur
1460 2359 1591 2397 cor:
1633 2348 1831 2398 tamen
1865 2342 2138 2398 humanae
2174 2341 2544 2407 conditionis,
2573 2360 2703 2414 quae

686 2442 993 2497 nunquam
1045 2425 1109 2480 in
1143 2424 1351 2480 eodem
1388 2430 1546 2481 statu
1599 2432 1923 2498 permanet,
1965 2432 2026 2482 et
2060 2426 2277 2482 oblitus
2312 2426 2703 2482 volubilitatis

609 2597 649 2622 ‘⁶
687 2612 990 2667 nunquam
1023 2599 1225 2650 tamen
1258 2593 1450 2650 voluit
1497 2594 1836 2665 intelligere
1873 2599 1942 2650 ut
1989 2593 2138 2650 bene
2185 2600 2411 2666 ageret,
2453 2594 2560 2650 sed
2593 2595 2704 2649 ini·
2725 2612 2815 2656 m,
2830 2611 3026 2657 wicked·

685 2679 975 2751 quitatem
997 2677 1288 2734 meditans
1324 2677 1388 2732 in
1423 2676 1606 2733 cubili
1644 2695 1768 2744 suc,
1799 2677 1901 2732 ubi
1937 2695 2073 2733 cum
2107 2678 2398 2734 ministris
2420 2678 2701 2749 nequitiae
2723 2675 2828 2757 233³
2875 2675 2970 2757 ᾟζθ

607 2766 646 2792 “
686 2769 749 2821 et
781 2762 985 2835 pueris
1024 2762 1148 2819 suis
1205 2760 1552 2828 dormiebat,
1594 2762 1656 2817 in
1705 2762 1973 2818 conclavi
2008 2763 2282 2834 apposuit
2329 2763 2703 2835 iniquitatem
2717 2763 2774 2817 ju
2882 2769 2963 2807 ent
2980 2766 3032 2807 ot

608 2850 648 2875 “
688 2864 868 2919 super
902 2845 1302 2917 iniquitatem,
1339 2854 1411 2901 ut
1443 2852 1686 2918 propter
1723 2845 2062 2917 superbiam
2099 2850 2161 2901 et
2193 2846 2504 2902 abusiones
2543 2865 2699 2912 suas,
2723 2866 2837 2911 him.

609 2936 649 2960 “
688 2931 868 3004 digno
920 2929 1036 2988 Dei
1083 2929 1310 3002 judicio
1365 2930 1628 3003 seipsum
1682 2930 2083 3003 praecipitaret
2132 2931 2195 2987 in
2243 2931 2531 3004 potentias
2587 2931 2704 2988 Do·

607 3021 647 3045 ‘⁶
684 3016 852 3083 mini,
893 3021 962 3072 ut
989 3015 1117 3086 jam
1150 3031 1267 3071 non
1303 3021 1463 3071 esset
1510 3016 1676 3071 locus
1728 3015 2172 3081 misericordiae,
2213 3016 2318 3071 sed
2367 3016 2478 3072 soli
2513 3022 2704 3089 potes·

610 3103 649 3128 ‘⁴
686 3100 817 3166 tati,
856 3117 967 3156 nec
1020 3104 1179 3155 esset
1212 3103 1446 3171 tempus
1482 3099 1804 3155 miserendi
1849 3099 1978 3171 ejus
2014 3100 2110 3155 vel
2145 3101 2444 3172 parcendi.
2519 3101 2594 3156 In
2640 3120 2703 3159 se

608 3187 649 3214 ‘⁸
688 3184 847 3239 enim
893 3182 1143 3239 dictavit
1178 3183 1547 3249 sententiam,
1599 3181 1916 3240 adversum
1952 3201 2017 3239 se
2064 3186 2436 3256 exasperavit
2482 3185 2704 3243 vindic-

610 3271 650 3297 “
686 3273 853 3334 tam,-
887 3266 991 3339 qui
1040 3272 1274 3323 tantum
1327 3267 1558 3323 facinus
1620 3266 1937 3335 affectavit,
1991 3267 2056 3323 in
2105 3285 2221 3338 quo
2279 3286 2396 3324 non
2447 3268 2702 3326 hominis

609 3354 649 3380 “
686 3356 916 3408 tantum
952 3349 1058 3407 sed
1093 3348 1208 3406 Dei
1243 3350 1436 3422 magis
1486 3350 1850 3407 iracundiam
1899 3352 2254 3423 provocavit.
2331 3352 2499 3409 Licet
2545 3354 2704 3410 enim

610 3439 649 3492 .“
689 3434 976 3492 Dominus
1030 3433 1226 3490 omnia
1259 3436 1465 3506 possit,
1506 3435 1878 3491 innocentem
1926 3441 2126 3491 tamen
2166 3436 2553 3492 condemnare
2589 3456 2704 3493 non

610 3523 650 3547 “
685 3525 903 3593 potest,
942 3535 1050 3575 nec
1098 3524 1407 3574 nocentem
1461 3518 1693 3574 salvare
1743 3519 1863 3574 nisi
1914 3525 2135 3589 parcat,
2177 3520 2230 3574 si
2283 3521 2435 3575 forte
2488 3540 2703 3578 nocens

608 3607 651 3662 .“
687 3604 870 3660 fuerit
892 3603 1237 3659 obstinatus.
1309 3602 1497 3658 Menti
1522 3603 1680 3657 enim
1715 3602 2024 3658 obstinatae
2061 3608 2124 3657 et
2157 3603 2340 3659 fronti
2372 3606 2703 3662 meretricis

608 3691 648 3716 ‘⁸
687 3687 939 3744 durities
994 3687 1306 3760 opponitur
1340 3687 1471 3743 veri
1524 3685 1856 3742 adamantis
1911 3693 1981 3742 ut
2017 3691 2297 3743 conterat.
2371 3686 2523 3757 Quia
2555 3689 2706 3745 nihil

608 3775 649 3801 ‘⁸
682 3778 809 3829 tam
845 3772 997 3829 forte
1050 3778 1144 3828 est
1196 3772 1354 3844 quod
1407 3771 1639 3826 fortiori
1692 3789 1809 3827 non
1864 3771 2038 3827 cedit.
2115 3770 2267 3827 Cum
2305 3772 2495 3843 igitur
2531 3773 2704 3831 homo

608 3860 647 3885 ‘⁴
683 3862 885 3914 tantus
910 3857 983 3912 ab
1007 3856 1242 3912 homine
1267 3873 1385 3912 non
1406 3861 1609 3927 posset
1644 3856 1933 3927 superari,
1961 3855 2139 3910 Pater
2163 3856 2702 3915 misericordiarum

608 3944 648 3971 ‘⁶
687 3946 749 3997 et
783 3940 945 3998 Deus
980 3941 1163 4010 totius
1199 3939 1612 3997 consolationis
1648 3940 1813 3996 venit
1847 3940 1910 3995 in
1945 3939 2304 4012 adjutorium
2339 3942 2555 4012 populo
2581 3941 2703 4000 Suo

607 4029 647 4055 ⁸‘
687 4025 1066 4098 supplicanti,
1107 4031 1169 4082 et
1220 4024 1285 4079 in
1319 4024 1595 4080 affectum
1651 4024 1780 4096 ejus
1831 4042 2072 4080 manum
2108 4024 2528 4080 misericordias
2567 4045 2703 4099 sup-

2724 2815 3024 2867 Gagainst

606 4113 646 4139 “
684 4128 926 4183 ponens,
981 4108 1198 4182 dejecit
1245 4109 1418 4166 illum
1479 4126 1516 4164 a
1572 4114 1889 4180 potestate,
1934 4116 1997 4165 et
2054 4114 2470 4177 accusatorem,
2521 4111 2702 4169 immo

606 4198 648 4225 “
687 4196 1133 4261 destructorem,
1185 4194 1249 4249 in
1309 4211 1446 4249 eum
1502 4194 1783 4266 spiritum
1833 4195 2142 4266 vertiginis
2197 4195 2445 4263 induxit,
2504 4215 2541 4252 a
2588 4215 2703 4269 quo

608 4283 648 4308 ‘⁴
686 4279 906 4337 reverti
941 4296 1057 4335 non
1092 4283 1294 4350 posset
1326 4279 1424 4333 vel
1464 4295 1816 4351 resurgeret
1859 4279 1967 4335 sed
2000 4280 2088 4335 ita
2121 4280 2427 4337 induravit
2460 4298 2579 4348 cor,
2608 4299 2703 4337 ex-

608 4349 649 4393 δι

690 4364 935 4421 caecavit
980 4369 1258 4430 mentem,
1294 4362 1625 4418 infatuavit
1661 4363 1975 4418 consilium
2012 4364 2197 4429 illius,
2226 4364 2383 4436 quod
2418 4366 2704 4438 archiepi-
2727 4395 2802 4439 He
2817 4373 3026 4439 ΜΝ

610 4453 650 4479 “
689 4466 935 4521 scopum
970 4448 1403 4503 Eboracensem
1440 4447 1504 4502 in
1540 4447 1794 4504 ecclesia
1825 4448 1993 4520 prius
2030 4448 2277 4515 obsedit,
2329 4450 2703 4522 postmodum
2726 4447 2808 4489 ΜΘ
2824 4446 2952 4489 *ΝΗ-

2727 4496 2889 4557 bishop
2906 4498 2958 4539 or

609 4538 649 4563 ‘⁸
688 4535 865 4606 cepit,
906 4540 1144 4605 captum
1179 4532 1473 4588 violenter
1509 4533 1782 4599 extraxit,
1821 4534 2186 4589 abstractum
2221 4535 2457 4591 fortiter
2489 4536 2698 4603 vinxit,
2725 4547 2852 4590 York
2869 4560 2919 4590 m

608 4615 648 4647 ἂι

609 4677 648 4770 {⁸
686 4720 897 4758 cursus
931 4701 1287 4773 populorum
1321 4699 1491 4754 fieret
1514 4698 1855 4766 dicentium,
1887 4704 1902 4728 ‘
1925 4701 1964 4755 J
1967 4709 2136 4757 ustus
2172 4702 2348 4759 homo
2383 4708 2444 4759 et
2477 4705 2703 4761 amicus

686 4618 953 4674 vinctum
989 4616 1243 4689 turpiter
1278 4616 1478 4682 traxit,
1517 4621 1775 4671 tractum
1811 4617 2220 4673 incarceravit.
2279 4618 2361 4674 Et
2394 4619 2538 4675 licet
2571 4638 2703 4677 con·
2727 4598 2919 4644 “mum

609 4784 648 4815 “
691 4788 706 4813 ‘
735 4784 867 4851 Dei,
909 4783 1054 4857 quid
1088 4784 1234 4840 fecit
1273 4788 1343 4838 ut
1379 4781 1630 4839 ducatur
1670 4784 1747 4839 ad
1785 4801 2102 4854 carcerem,
2143 4793 2205 4842 et
2255 4786 2533 4845 innocens
2574 4806 2704 4845 san-

608 4872 648 4902 ‘6

692 4874 707 4900 ‘
735 4870 873 4943 guis
911 4867 1039 4941 ejus
1064 4867 1191 4927 sine
1228 4884 1407 4925 causa
1430 4866 1781 4925 damnatur?
1801 4868 1815 4892 ’
1871 4868 2091 4926 Tamen
2126 4888 2244 4928 non
2279 4873 2474 4945 potuit
2510 4872 2704 4934 audiri
