3585 5863
1518 891 1821 945 RICABDL
2603 883 2732 947 135

637 1067 676 1093 ‘⁶
727 1042 1029 1137 praedictis
1096 1066 1278 1122 curiae
1335 1070 1548 1123 vestrm
1606 1067 1982 1140 magnatibus
2040 1068 2104 1125 id
2162 1085 2233 1124 ex
2297 1073 2464 1140 parte
2534 1073 2734 1125 vestra
2792 1077 2904 1121 Δ.1).
2920 1083 3038 1125 uso.

635 1152 675 1178 “
715 1150 1123 1216 tractantibus,
1164 1149 1415 1206 Domino
1451 1149 1794 1223 disponente
1830 1152 2215 1220 condiximus,
2255 1153 2408 1209 inter
2441 1151 2730 1210 Arturum
2756 1125 3050 1246 mm*

632 1235 670 1260 “
714 1233 1026 1305 egregium
1061 1233 1273 1289 ducem
1296 1233 1635 1298 Britannias,
1664 1235 2035 1291 carissimum
2057 1243 2331 1308 nepotem
2365 1244 2634 1292 nostrum
2671 1244 2729 1293 et
2754 1242 3009 1297 orm-thur,

628 1319 665 1344 “
704 1316 1024 1383 haeredem,
1065 1317 1119 1372 si
1155 1317 1306 1372 forte
1344 1318 1470 1372 sine
1506 1316 1671 1388 prole
1707 1336 1814 1374 nos
1863 1319 2026 1374 obire
2076 1322 2412 1392 contigerit,
2454 1325 2514 1375 et
2549 1320 2727 1376 caris·
2752 1290 2999 1395 1ξέξὲᾞῖ

628 1403 668 1429 ⁴·
712 1402 925 1456 simam
974 1400 1159 1456 filiam
1208 1405 1469 1457 vestram
1519 1401 1834 1470 dominam,
1874 1404 2318 1460 matrimonium
2376 1405 2438 1459 in
2500 1404 2725 1460 Christi
2749 1394 3025 1491 gfdfflggtgg

627 1487 667 1513 ‘⁸
707 1485 944 1542 nomine
968 1486 1462 1553 contrahendum3
1502 1491 1570 1541 ut
1605 1505 1741 1543 cum
1763 1488 1889 1554 illa,
1917 1487 2044 1544 Deo
2066 1489 2342 1561 propiti0‚
2382 1489 2457 1544 ad
2490 1490 2723 1546 nubiles
2749 1497 2913 1548 agreed
2930 1480 3034 1542 on.'

624 1571 665 1597 “
704 1587 885 1625 annos
920 1570 1276 1641 pervenerit,
1336 1574 1397 1625 et
1447 1588 1552 1626 vos
1607 1588 1738 1627 eam
1786 1571 2038 1628 mittetis
2092 1573 2169 1628 ad
2215 1573 2412 1629 locum
2446 1572 2551 1627 ubi
2586 1591 2723 1644 pars

622 1654 662 1681 ‘⁶
700 1659 957 1725 utraque
993 1652 1375 1719 consenserit,
1414 1654 1695 1725 proefatus
1741 1671 1922 1727 nepos
1958 1661 2160 1712 noster
2195 1674 2326 1711 eam
2362 1656 2519 1712 infra
2556 1657 2722 1726 quin-

621 1738 663 1765 “
699 1736 893 1793 decim
942 1736 1090 1802 dies,
1143 1743 1458 1809 postquam
1508 1737 1584 1793 ad
1636 1755 1772 1794 eum
1822 1741 2070 1806 venerit,
2111 1741 2322 1797 debeat
2368 1741 2433 1796 in
2477 1758 2723 1796 uxorem

623 1823 661 1848 “
701 1819 1032 1892 legitimam
1068 1821 1440 1893 desponsare.
1516 1820 1643 1877 Aut
1694 1822 1747 1878 si
1799 1823 2136 1880 celsitudini
2182 1830 2396 1880 vestrae
2431 1823 2723 1902 placuerit

627 1904 666 1932 “
707 1919 838 1959 eam
874 1904 1031 1961 inii-a
1064 1923 1241 1961 annos
1278 1904 1508 1961 nubiles
1545 1904 1907 1978 desponsari,
1945 1907 2263 1979 praedictus
2302 1925 2484 1979 nepos
2520 1915 2721 1964 noster

621 1988 661 2014 ‘⁶
696 1987 869 2059 juxta
904 1988 1337 2061 beneplacitum
1371 1992 1636 2045 vestrum
1671 1988 1735 2043 id
1769 1989 1987 2056 saciet3
2047 1991 2098 2046 si
2145 2009 2411 2047 summus
2458 1992 2719 2064 pontifex

620 2072 659 2098 ‘⁶
700 2071 1042 2143 dispensare
1095 2072 1367 2129 voluerit.
1455 2071 1739 2128 Volentes
1792 2080 1990 2130 autem
2048 2075 2104 2129 ei
2158 2081 2440 2147 tanquam
2494 2076 2718 2132 illustri
2742 2092 2906 2137 nowen·
2920 2097 2973 2140 or

620 2157 658 2183 “
700 2156 950 2213 dominae
1004 2161 1067 2213 et
1115 2156 1416 2226 magnifici
1469 2156 1633 2227 regis
1688 2157 1827 2213 filiae
1878 2157 2187 2214 dodarium
2240 2159 2396 2231 quod
2446 2161 2721 2217 convenit
2744 2143 2826 2187 ‘¹²⁰
2842 2146 2987 2190 brido.

621 2240 663 2267 “
704 2240 1022 2311 designari,
1076 2240 1151 2296 de
1202 2240 1422 2296 ducatu
1474 2240 1704 2312 nepotis
1757 2241 1945 2297 nostri
1994 2241 2112 2298 tale
2160 2243 2472 2299 dodarium
2518 2243 2574 2299 ei
2610 2262 2718 2315 pro

620 2325 660 2351 “
697 2329 863 2396 parte
899 2324 1088 2397 ipsius
1125 2324 1354 2396 nepotis
1389 2325 1576 2379 nostri
1611 2324 2003 2396 paciscimurz
2056 2332 2117 2381 et
2153 2327 2310 2397 quod
2345 2326 2421 2382 ad
2455 2344 2716 2398 praesens

618 2408 658 2434 ‘⁸
693 2424 802 2478 per
838 2408 1114 2480 praefatos
1169 2408 1374 2463 fideles
1421 2413 1654 2464 nostros
1698 2409 1893 2479 jurari
1930 2409 2197 2474 fecimus,
2236 2414 2295 2464 et
2329 2409 2402 2465 ab
2438 2410 2568 2481 ipso
2613 2429 2713 2466 ne-

616 2490 660 2519 “
696 2496 832 2562 pote
866 2497 1069 2547 nostro
1106 2490 1349 2547 concedi
1385 2496 1445 2547 et
1480 2508 1516 2546 a
1549 2491 1928 2562 magnatibus
1965 2493 2060 2547 sui
2105 2492 2371 2558 ducatus,
2423 2493 2713 2565 episcopis

616 2576 656 2603 ‘⁸
696 2580 756 2631 et
790 2574 924 2632 aliis
960 2574 1108 2631 viris
1145 2574 1482 2631 illustribus
1511 2574 1705 2646 jurari
1751 2574 2054 2631 faciemus.
2143 2575 2465 2632 Pecuniam
2496 2592 2639 2632 vero
2676 2595 2711 2632 a
2738 2586 2934 2643 Receipt
2949 2595 3002 2637 or

622 2661 659 2686 “
696 2659 1135 2731 magnificentia
1185 2665 1386 2716 vestra
1436 2676 1544 2730 pro
1597 2658 1972 2714 matrimonio
2024 2659 2161 2725 isto,
2217 2659 2446 2715 scilicet
2494 2660 2710 2731 viginti
2732 2640 3057 2737 {g’wrgnffl’

619 2745 657 2771 “
693 2743 884 2799 millia
931 2745 1136 2801 uncias
1190 2743 1368 2810 auri,.
1393 2760 1500 2799 nos
1550 2743 1850 2814 recepisse
1904 2742 1980 2798 ad
2032 2760 2180 2816 opus
2238 2744 2467 2816 nepotis
2523 2745 2711 2800 nostri
2737 2741 2846 2793 pud
2863 2743 3000 2806 itti-10

612 2829 654 2854 “
692 2828 964 2884 fatemur.
1040 2828 1173 2884 Hoc
1226 2827 1291 2882 in
1341 2832 1513 2899 pacto
1546 2825 1840 2893 veniente,
1890 2832 1959 2883 ut
1993 2826 2064 2891 si,
2107 2826 2263 2898 quod
2309 2826 2482 2893 absit,
2532 2828 2715 2884 inter-
2737 2795 2962 2888 1⁸1an
2922 2807 3025 2893 ruffi

618 2912 660 2940 ‘⁶
698 2911 969 2969 veniente
1004 2915 1193 2968 morte
1230 2911 1476 2969 alterius
1513 2915 1617 2966 aut
1651 2910 1829 2981 culpa
1862 2910 2094 2983 nepotis
2132 2910 2322 2968 nostri
2358 2917 2462 2968 aut
2493 2917 2711 2981 nostra,

616 2998 654 3024 “
691 2997 787 3050 vel
823 2996 1009 3069 partis
1045 2996 1254 3068 ipsius,
1305 2994 1745 3051 matrimonium
1796 3013 1915 3052 non
1955 2995 2143 3060 fieret,
2170 3014 2276 3052 nos
2313 3002 2417 3052 aut
2448 2996 2714 3053 haeredes

613 3083 651 3109 “
689 3081 874 3137 nostri
910 3082 1222 3152 pecuniam
1255 3080 1426 3137 vobis
1467 3086 1572 3136 aut
1604 3079 1825 3135 vestris
1872 3079 2208 3137 haeredibus
2256 3081 2553 3152 integram
2588 3080 2716 3137 sine

615 3166 654 3193 ‘⁶
691 3165 1052 3231 difficultate,
1110 3166 1174 3220 in
1226 3164 1355 3220 loco
1407 3182 1523 3235 quo
1574 3163 1981 3229 statuerimus,
2039 3165 2443 3221 restituemus.
2523 3165 2715 3236 Super

616 3252 653 3276 “
690 3249 784 3305 his
820 3249 1117 3315 videlicet,
1157 3252 1217 3304 et
1251 3248 1325 3305 de
1359 3266 1506 3320 pace
1544 3265 1721 3318 quam
1761 3247 2073 3303 vobiscum
2119 3248 2504 3314 firmavimus,
2544 3254 2605 3305 et
2640 3249 2713 3305 de

611 3335 655 3361 “
693 3333 1065 3389 matrimonio
1101 3331 1511 3398 contrahendO,
1551 3337 1612 3388 et
1646 3330 1720 3386 de
1756 3331 2009 3404 pecunia
2042 3332 2423 3399 restituenda,
2463 3332 2517 3387 si
2538 3333 2708 3399 forte,
2775 3348 2834 3391 ro.
2853 3352 2929 3393 ιω
2945 3357 3004 3392 ro.

622 3419 660 3443 “
696 3416 997 3488 praedictis
1052 3416 1247 3472 causis
1298 3414 1717 3481 accidentibus,
1759 3414 2199 3469 matrimonium
2258 3433 2374 3471 non
2432 3422 2707 3483 exstaret,

617 3504 655 3528 “
694 3500 994 3557 dominum
1058 3518 1271 3572 papam
1341 3505 1401 3555 et
1464 3498 1789 3555 Romanam
1850 3497 2162 3554 ecclesiam
2212 3498 2275 3552 in
2330 3498 2710 3569 fidejussione

622 3587 660 3612 “
698 3584 1014 3656 ponimus3
1068 3589 1138 3639 ut
1192 3583 1244 3639 si
1294 3583 1463 3649 forte,
1518 3582 1673 3653 quod
1721 3581 1884 3637 Deus
1922 3584 2164 3647 avertat,
2206 3597 2277 3635 ex
2311 3587 2478 3651 parte
2514 3590 2715 3639 nostra
2736 3602 2833 3647 'rho
2849 3607 3022 3658 popeis

615 3670 653 3696 “
690 3668 854 3739 pacis
890 3668 1205 3740 integritas
1242 3667 1634 3738 frangeretur,
1673 3669 2027 3738 potestatem
2064 3663 2279 3720 habeat
2313 3664 2564 3721 eeclesia
2597 3665 2712 3722 Ro-
2736 3654 3046 3759 511?me

613 3754 651 3781 “
690 3770 863 3809 mana
895 3769 1002 3808 nos
1040 3757 1102 3808 et
1135 3756 1357 3807 terram
1391 3756 1653 3807 nostram
1689 3747 2019 3805 districtius
2055 3764 2344 3805 coercere.
2422 3747 2711 3807 Similiter
2733 3756 2817 3798 out
2833 3758 2885 3798 or
2896 3757 2979 3800 the

615 3838 653 3864 ‘⁸
692 3842 754 3892 et
801 3837 876 3893 ad
926 3835 1370 3892 matrimonium
1424 3831 1904 3899 contrahendum,
1957 3836 2310 3904 potestatem
2355 3830 2569 3887 habeat
2600 3850 2708 3890 nos
2732 3810 3009 3857 manent.

610 3923 649 3948 “
687 3926 748 3976 et
780 3923 1009 3993 partem
1044 3918 1277 3990 nepotis
1314 3917 1501 3974 nostri
1535 3915 1977 3987 constringere;
2014 3915 2112 3971 vel
2149 3915 2202 3970 si
2238 3919 2476 3987 propter
2499 3933 2707 3973 causas

608 4007 646 4032 “
682 4004 995 4077 praedictas
1029 4020 1147 4058 non
1170 4003 1341 4057 fieret
1363 4000 1825 4066 matrimonium,
1851 3999 1926 4055 ad
1948 3998 2373 4054 restituendam
2396 3999 2708 4070 pecuniam

611 4093 650 4118 “
687 4108 794 4146 nos
832 4094 934 4145 aut
956 4088 1223 4145 hoeredes
1258 4092 1512 4154 nostros,
1552 4092 1655 4142 aut
1687 4090 1907 4141 terram
1942 4089 2207 4140 nostram
2243 4101 2459 4156 cogere
2493 4084 2710 4141 habeat

614 4176 652 4203 ‘⁶
689 4177 1060 4246 potestatem.
1136 4171 1212 4226 Id
1266 4188 1499 4243 quoque
1553 4170 1626 4226 de
1676 4167 2056 4240 fidejussione
2112 4167 2390 4223 Romanoe
2442 4167 2706 4225 ecclesiae

612 4260 651 4286 “
687 4276 793 4314 nos
852 4257 940 4312 ita
997 4257 1276 4320 facturos,
1340 4254 1757 4326 praedictorum
1816 4252 2082 4308 virorum
2141 4268 2247 4307 nos
2309 4250 2705 4322 obligavimus

613 4346 652 4371 “
683 4340 1055 4414 juramentis,
1120 4340 1276 4395 sicut
1334 4338 1676 4410 capitularis
1737 4337 1929 4393 forma
1987 4334 2265 4403 continet,
2323 4335 2480 4407 quod
2537 4336 2705 4392 vobis

611 4429 648 4454 “
688 4426 981 4492 misimus,
1023 4424 1214 4496 sigilli
1249 4424 1439 4479 nostri
1474 4421 1838 4495 appositione
1876 4419 2195 4492 signatum.
2272 4418 2339 4475 Si
2375 4424 2573 4475 autem
2604 4437 2704 4474 no·
2727 4422 2978 4517 ffiffipt

608 4513 646 4539 “
684 4510 776 4566 bis
825 4510 953 4567 sine
1000 4508 1337 4564 haeredibus
1387 4504 1826 4570 decedentibus,
1865 4503 1996 4576 ipse
2032 4503 2108 4558 ad
2141 4520 2393 4574 regnum
2438 4507 2705 4559 nostrum
2728 4525 3004 4580 succeeding

604 4597 642 4622 ‘⁸
684 4592 1058 4650 haereditario
1088 4591 1228 4663 jure
1264 4591 1619 4663 pervenerit,
1659 4589 1732 4645 de
1769 4606 1958 4660 regno
1998 4591 2200 4643 nostro
2242 4586 2360 4643 tale
2398 4585 2701 4642 dodarium
2728 4580 2778 4617 ω
2796 4575 2878 4619 ⁰¹⁰

2728 4636 2895 4678 orown,
2912 4626 2987 4671 his

603 4680 641 4705 ‘⁴
681 4678 772 4732 illi
811 4677 1211 4748 designamus,
1259 4674 1557 4741 videlicet,
1603 4673 1914 4745 antiquum
1938 4676 1999 4729 et
2021 4674 2364 4729 consuetum
2399 4669 2704 4728 dodarium
2728 4675 2946 4772 ζέξῖἷέῑέ

603 4765 640 4788 “
681 4761 1022 4832 reginarum
1057 4758 1356 4830 Angliae.’'
2730 4778 2862 4821 uscia!
2873 4778 3038 4824 (lower.
