3585 5863
1329 884 1620 935 malm
1665 884 1990 935 saeuum.
2633 875 2713 945 1¹7

617 1056 657 1082 ‘⁸
693 1060 817 1111 tate
849 1056 1046 1128 potius
1081 1054 1285 1126 populi
1322 1055 1738 1127 delinquentis,
1778 1059 2191 1128 pervenerint3
2246 1076 2381 1113 cum
2416 1060 2707 1130 legamus,
2774 1064 3003 1115 A.D.11⁸7

615 1140 655 1166 “
695 1141 851 1211 quod
905 1139 1139 1211 quando
1185 1139 1439 1211 populus
1499 1141 1950 1196 convertebatur
1999 1142 2074 1197 ad
2125 1142 2463 1209 Dominum,
2520 1161 2716 1215 persc-

615 1225 655 1250 “
695 1224 986 1295 quebatur
1018 1241 1173 1279 unus
1209 1223 1393 1289 mille,
1437 1228 1500 1280 et
1534 1224 1652 1279 duo
1688 1226 1976 1295 fugabant
2011 1226 2214 1281 decem
2248 1227 2475 1294 millia;
2534 1229 2715 1282 immo

616 1309 655 1335 ‘⁶
695 1307 825 1379 ipso
894 1308 1112 1380 populo
1173 1307 1531 1378 quiescente,
1596 1306 1920 1365 exercitum
1990 1310 2388 1366 Sennacherib
2448 1312 2718 1381 angelica

616 1392 655 1417 ‘⁴
695 1408 873 1447 manu
920 1396 1353 1462 consumptum.
1450 1391 1570 1447 Sed
1623 1397 1783 1447 terra
1833 1393 1942 1448 illa
1994 1394 2304 1451 devoravit
2355 1395 2716 1451 habitatores

576 1504 592 1522 ·
619 1475 657 1502 “
699 1492 854 1540 suos,
894 1480 955 1531 et
987 1492 1098 1531 nec
1147 1474 1253 1530 diu
1291 1474 1559 1546 quietum
1613 1480 1856 1541 statum,
1896 1493 2006 1532 nec
2055 1482 2525 1549 transgressores
2561 1478 2716 1549 legis

619 1560 659 1586 “
698 1558 932 1616 Divinoe
954 1559 1150 1632 potuit
1182 1559 1458 1625 retinere,
1487 1558 1814 1615 doctrinam
1850 1566 1911 1616 et
1946 1561 2278 1634 exemplum
2301 1562 2569 1619 tribuens
2594 1563 2716 1617 illis

618 1645 660 1671 ‘⁶
699 1644 803 1715 qui
855 1643 932 1700 ad
984 1644 1289 1701 coelestem
1325 1643 1661 1699 Jerusalem
1714 1644 2121 1713 intenderent3
2179 1647 2337 1717 quod
2370 1664 2487 1702 non
2520 1652 2718 1719 potest

616 1729 657 1756 ‘⁶
696 1727 772 1783 ad
806 1745 955 1794 eam,
980 1728 1099 1785 nisi
1134 1745 1241 1800 per
1276 1728 1622 1784 exercitium
1644 1728 1783 1784 boni
1818 1730 2014 1801 operis
2051 1736 2112 1786 et
2144 1731 2497 1786 tentationes
2532 1730 2718 1801 pluri-

615 1813 655 1840 “
692 1828 819 1867 mas
854 1813 1182 1884 pervenire.
1256 1811 1586 1868 Potuerunt
1636 1818 1835 1869 autem
1881 1813 2009 1885 jam
2041 1812 2272 1885 pridem
2326 1815 2445 1869 ista
2495 1814 2712 1878 timeri,
2742 1819 3053 1914 Trhficfunture

616 1897 658 1925 “
696 1895 927 1967 quando
960 1894 1283 1961 Arroasia,¹
1320 1900 1382 1952 et
1428 1895 1548 1952 alia
1583 1900 1746 1951 terra
1777 1896 2017 1953 transiit
2050 1897 2114 1952 in
2149 1902 2502 1969 potestatem
2537 1915 2714 1969 paga-
2738 1881 2978 1973 gughtaet?

616 1981 656 2007 “
693 1996 937 2046 norum3
978 1985 1040 2036 et
1073 1981 1287 2036 fuisset
1318 1979 1467 2035 bene
1501 1981 1823 2052 provisum,
1854 1982 1906 2037 si
1941 1981 2192 2053 populus
2217 1981 2321 2053 qui
2354 1988 2717 2038 remanserat
2740 1972 2857 2015 have
2873 1972 3036 2031 peon}

616 2065 656 2093 “
694 2063 770 2119 ad
814 2064 1219 2136 poenitentiam
1264 2064 1561 2130 rediisset,
1625 2070 1686 2120 et
1732 2065 1930 2120 Deum
1988 2064 2176 2135 Quem
2234 2067 2716 2138 praevaricatione

616 2150 656 2176 ‘⁶
693 2148 1015 2204 offenderat
1047 2149 1426 2205 conversione
1460 2151 1769 2221 placasset.
1840 2149 1968 2205 Nec
2005 2149 2162 2205 enim
2199 2150 2395 2205 subito
2429 2149 2593 2205 venit
2626 2151 2718 2205 ira

619 2234 658 2260 ‘⁸
695 2231 864 2304 Ejus,
931 2232 1038 2290 sed
1094 2232 1384 2289 ultionem
1446 2233 1646 2289 differt
1685 2237 1747 2289 et
1795 2238 2030 2305 tempus
2091 2234 2303 2289 tribuit
2350 2234 2708 2305 poenitendi;

618 2319 657 2345 “
694 2317 933 2372 tandem
966 2334 1128 2381 vero,
1184 2317 1325 2388 quia
1358 2317 1423 2372 in
1457 2316 1869 2372 misericordia
1896 2317 2190 2388 judicium
2224 2334 2340 2373 non
2378 2317 2615 2382 amittit,
2656 2322 2717 2371 et

618 2403 657 2429 ‘⁸
695 2401 1018 2457 vindictam
1071 2401 1253 2458 Suam
1302 2400 1378 2456 ad
1411 2418 1646 2471 poenam
1695 2401 2278 2472 transgredientium,
2319 2406 2380 2457 et
2426 2402 2715 2457 cautelam

619 2486 659 2513 “
698 2485 1113 2541 salvandorum
1150 2489 1400 2541 exercet.
1476 2485 1665 2540 Porro
1712 2503 1840 2550 nos,
1883 2486 1983 2556 qui
2034 2485 2097 2540 in
2142 2490 2307 2541 tanta
2341 2492 2514 2540 terrae
2550 2485 2715 2539 illius

619 2570 662 2597 “
699 2570 1067 2635 contritione,
1106 2586 1224 2624 non
1279 2569 1472 2625 solum
1521 2574 1831 2640 peccatum
1883 2568 2279 2623 habitatorum
2316 2568 2464 2638 ejus,
2505 2568 2610 2624 sed
2657 2572 2718 2623 et

621 2655 659 2681 “
694 2658 964 2710 nostrum
1000 2660 1061 2710 et
1108 2653 1294 2709 totius
1331 2652 1536 2725 populi
1575 2650 1920 2717 Christiani,
1960 2651 2242 2707 debemus
2279 2651 2618 2717 attendere;
2659 2657 2719 2707 et
2745 2653 2989 2700 Exertiom

2805 1116 2908 1162 Oet.
2925 1101 3016 1164 η’

2741 2034 2963 2075 warum&-

2743 2708 2870 2747 must
2889 2706 2946 2748 be

620 2738 659 2765 ‘⁸
696 2738 910 2805 vereri,
966 2755 1043 2792 ne
1093 2736 1251 2809 quod
1300 2737 1600 2808 reliquum
1651 2741 1742 2791 est
1774 2740 1953 2790 terrae
2001 2735 2168 2790 illius
2205 2734 2500 2807 depereat,
2540 2740 2602 2791 et
2655 2735 2718 2790 in
2743 2756 2876 2799 me
2893 2759 2944 2799 to

619 2824 658 2850 “
697 2821 845 2877 alias
881 2820 1059 2877 etiam
1082 2826 1343 2893 potestas
1369 2837 1575 2877 eorum
1599 2806 1884 2876 desaeviat
1917 2819 2226 2891 regiones:
2268 2836 2403 2874 cum
2440 2836 2511 2874 ex
2534 2820 2718 2874 omni-
2742 2808 2993 2901 ‘iffigfflffl

619 2905 659 2934 “
695 2904 807 2961 bus
842 2905 1110 2978 partibus
1146 2905 1303 2962 inter
1337 2922 1513 2976 reges
1550 2910 1613 2962 et
1658 2904 1977 2977 principes,
2019 2903 2289 2961 civitates
2326 2909 2388 2962 et
2421 2903 2713 2971 civitates,

620 2989 659 3017 ‘⁴
697 2988 1089 3046 dissensiones
1127 2990 1435 3046 audiamus
1473 2995 1535 3045 et
1570 2989 1862 3054 scandala,
1904 2994 1965 3045 et
1997 2989 2207 3061 lugere
2244 3006 2381 3044 cum
2431 2988 2719 3061 propheta

270 3076 500 3122 Hoseaiv.
518 3079 557 3120 1.
620 3074 660 3101 ‘⁴

698 3079 759 3129 et
809 3074 1006 3130 dicere
1054 3074 1378 3140 valeamus,
1421 3076 1437 3102 ⁸
1456 3073 1594 3129 Non
1646 3079 1739 3129 est
1771 3073 1994 3129 veritas
2048 3090 2157 3128 nec
2209 3072 2455 3129 scientia
2491 3072 2603 3127 Dei
2657 3074 2721 3128 in

621 3158 660 3185 ‘⁶
701 3159 718 3186 ⁴
740 3161 916 3213 terra.
963 3156 1359 3222 Mendacium,
1388 3156 1774 3213 homicidium
1800 3165 1861 3213 et
1884 3156 2243 3213 adulterium
2267 3156 2716 3222 inundaverunt,

620 3243 659 3270 ‘⁸
701 3242 719 3269 ‘
743 3246 806 3296 et
862 3240 1106 3313 sanguis
1168 3240 1522 3313 sanguinem
1573 3241 1819 3312 tetigit.’
1908 3241 2081 3298 Unde
2138 3241 2250 3297 hoc
2309 3240 2606 3297 universis
2661 3245 2722 3295 et

617 3325 658 3352 “
695 3325 1072 3397 cogitandum
1120 3324 1393 3382 imminet
1443 3330 1505 3381 et
1565 3324 1882 3396 agendum,
1934 3330 2004 3381 ut
2053 3332 2298 3397 peccata
2348 3331 2551 3381 nostra
2596 3341 2721 3379 cas-

617 3410 657 3438 “
694 3408 979 3480 tigatione
1014 3409 1349 3465 voluntaria
1401 3408 1799 3474 emendantes,
1840 3425 1948 3480 per
2000 3409 2408 3478 poenitentiam
2444 3414 2506 3464 et
2540 3424 2719 3479 opera

618 3493 659 3519 '⁸
694 3491 934 3563 pietatis
986 3497 1397 3549 convertamur
1446 3493 1521 3548 ad
1571 3492 1893 3547 Dominum
1936 3490 2131 3546 Deum
2181 3498 2486 3548 nostrum:
2546 3497 2607 3548 et
2660 3492 2722 3545 in

619 3577 660 3603 ‘⁶
696 3575 886 3641 nobis,
924 3575 1120 3648 primo
1174 3576 1332 3648 quod
1383 3577 1539 3632 male
1589 3576 1905 3647 gessimus,
1945 3574 2341 3640 emendemus,
2399 3580 2461 3631 et
2509 3575 2721 3629 deinde

619 3661 659 3688 ‘⁸
699 3659 995 3715 feritatem
1050 3666 1111 3716 et
1162 3660 1452 3716 malitiam
1504 3660 1767 3716 hostium
1821 3658 2211 3716 attendamus.
2283 3659 2364 3715 Et
2420 3658 2577 3730 quod
2629 3658 2723 3712 illi

620 3745 661 3771 ‘⁶
699 3747 902 3799 contra
936 3742 1132 3799 Deum
1165 3750 1396 3800 tentare
1442 3761 1559 3799 non
1595 3744 1824 3810 timent,
1862 3762 1968 3799 nos
2004 3762 2112 3815 pro
2156 3743 2284 3798 Deo
2321 3758 2499 3813 agere
2534 3740 2725 3796 nulla-

618 3830 660 3857 “
699 3832 872 3883 tenus
907 3827 1269 3884 haesitemus.
1347 3828 1639 3900 Cogitate,
1680 3828 1809 3893 filii,
1851 3829 2108 3900 qualiter
2142 3827 2206 3883 in
2240 3828 2397 3882 hunc
2433 3824 2722 3880 mundum
2748 3840 3017 3893 Advantage

2749 3891 2916 3934 should
2935 3893 2993 3935 be

617 3914 659 3941 ‘⁴
695 3912 964 3980 venistis,
1029 3916 1090 3968 et
1148 3912 1406 3985 qualiter
1471 3911 1688 3968 exituri
1753 3914 1920 3979 estis,
1983 3918 2044 3969 et
2104 3911 2358 3984 qualiter
2421 3914 2725 3965 transeant
2746 3942 2890 3986 taken
2906 3943 3053 3986 ottho

617 3997 659 4024 “
696 3995 994 4062 universa,
1034 4002 1095 4052 et
1134 3996 1356 4069 pariter
1394 3996 1706 4052 transeatis
1761 4001 1822 4050 et
1855 4014 1980 4062 vos,
2022 4002 2084 4051 et
2116 3995 2440 4068 poenitendi
2477 4000 2537 4049 et
2571 3993 2723 4048 bene
2749 4005 2910 4035 mon
2928 3994 2979 4035 or

616 4081 659 4110 “
698 4081 913 4150 agendi
966 4087 1219 4153 tempus,
1275 4085 1560 4152 quantum
1612 4086 1840 4151 spectat
1895 4080 1971 4137 ad
2023 4098 2149 4146 vos,
2207 4099 2341 4136 cum
2395 4079 2724 4150 gratiarum

643 4167 660 4193 ⁸
699 4165 925 4220 actione
961 4164 1227 4235 recipite,
1269 4170 1330 4220 et
1365 4164 1499 4221 date
1536 4171 1753 4232 vestra,
1798 4164 1931 4219 date
1981 4170 2114 4235 post
2147 4181 2253 4219 vos
2292 4163 2470 4234 ipsos,
2511 4177 2629 4219 non
2663 4163 2726 4218 in

2749 4046 3043 4096 repentance.

780 4332 1167 4338 ffl—fl--w
1196 4333 1221 4337 -
1254 4333 1269 4336 ι
1304 4332 1369 4338 Ρ--..
1410 4333 1485 4338 4....
1522 4333 1601 4337 μ--
1646 4329 1725 4338 dm.
1754 4333 1832 4338 —-
1857 4333 1908 4338 ,--
2001 4331 2148 4336 -.--.-.
2223 4331 2256 4336 ,Α
2303 4333 2314 4336 e
2383 4331 2520 4336 ——-

686 4430 703 4464 ¹
722 4431 911 4483 Edessa
929 4432 1119 4497 (noha,
1140 4431 1310 4497 Orsa),
1328 4431 1451 4482 here
1468 4430 1631 4481 called
1722 4428 1810 4481 the
1846 4429 2095 4480 medieval
2127 4429 2425 4492 chronicles,
2464 4432 2636 4495 owing
2674 4437 2728 4481 to

616 4511 877 4573 Art-casia,
913 4528 944 4562 a
977 4527 1125 4562 name
1156 4512 1363 4562 derived
1399 4510 1532 4560 from
1565 4510 1632 4560 its
1723 4511 1810 4562 the
1847 4509 2328 4574 misunderstanding
2369 4510 2426 4561 of
2453 4511 2540 4561 the
2578 4525 2725 4561 name

617 4590 825 4642 ancient
841 4590 1012 4644 Greek
1025 4592 1135 4643 title
1149 4591 1206 4642 of
1215 4590 1513 4650 Callirrhoe,
1526 4605 1633 4639 vas
1723 4592 1966 4642 Art-casia
2021 4606 2080 4641 or
2135 4590 2370 4642 Rohesia.
2440 4591 2553 4641 The
2608 4598 2720 4641 true

618 4669 777 4721 taken
808 4671 863 4720 in
902 4676 1044 4723 1148.
1112 4671 1163 4721 It
1192 4671 1238 4722 is
1260 4670 1498 4735 probable
1520 4669 1632 4720 that
1721 4671 1892 4736 Rages
1925 4671 1969 4721 is
2001 4670 2065 4720 El
2088 4671 2219 4737 Rev,
2239 4685 2361 4721 near
2381 4669 2630 4733 'sehet-an,
2670 4671 2736 4721 of

618 4749 709 4801 the
742 4765 891 4801 name
911 4751 970 4802 of
996 4751 1167 4817 Rages
1204 4751 1260 4801 in
1305 4750 1630 4801 Mediaisso
1726 4766 1905 4802 course
1925 4750 2280 4815 veryfareast
2306 4749 2365 4802 of
2390 4751 2595 4802 Edessa-

619 4828 759 4880 σθαι
792 4829 945 4895 given
992 4831 1231 4898 wrongly
1252 4837 1309 4882 to
1347 4830 1540 4883 Edessa
1572 4828 1627 4878 in

803 4925 955 4979 VOL.
1000 4926 1074 4977 11.
2427 4929 2472 4976 B

830 5559 835 5570 .
932 5329 1335 5617 Y
