3585 5863
753 862 883 925 138
1573 871 1791 922 ensa-A
1836 873 2037 923 Rnals

446 1051 561 1146 {vn
576 1055 696 1100 noo.
760 1049 799 1075 ‘⁸
839 1047 1059 1102 bonum
1122 1046 1198 1102 ad
1265 1063 1593 1117 congruum
1639 1045 1819 1101 finem
1881 1044 2171 1111 deveniat,
2224 1046 2380 1101 unde
2438 1045 2748 1117 multiplex
2804 1047 2868 1102 in
2888 1053 3129 1108 Ηονοᾱω.

511 1114 581 1148 ⁰v'
597 1107 664 1149 Π·
761 1132 800 1158 “
839 1131 1109 1186 futurum
1145 1129 1371 1185 utilitas
1409 1134 1819 1200 consequatur.
1883 1128 2158 1186 Testibus
2194 1129 2383 1196 nobie,
2422 1130 2735 1186 undecimo
2769 1129 2865 1186 die
2890 1108 2981 1150 ⁸⁸⁶·
2998 1112 3123 1154 ⁸⁶⁴⁷·

754 1217 792 1243 “
828 1213 1203 1281 Novembris,
1243 1212 1399 1285 apud
1432 1212 1825 1270 Messanam.”

455 1320 516 1363 ro.
531 1322 606 1367 157
624 1329 685 1368 ro.
844 1322 978 1389 Sed
1023 1329 1379 1410 antequam
1425 1346 1559 1409 pax
1604 1324 1734 1389 ista
1796 1345 2099 1391 concessa
2144 1328 2213 1390 et
2257 1323 2649 1389 confirmata
2693 1330 2866 1391 esset
2883 1311 3127 1409 ξῗῗξῖζ

415 1385 573 1438 night
589 1390 641 1431 or

416 1437 509 1530 ginta
559 1440 705 1532 Orga
747 1427 938 1515 *inter
983 1448 1209 1513 regem
1256 1425 1521 1513 Angliae
1568 1432 1638 1492 et
1690 1448 1914 1513 regem
1960 1425 2223 1503 Siciliae,
2285 1425 2689 1513 Margaritus
2748 1429 2863 1493 ad-

416 1537 725 1634 ‘ffggnmstom
759 1528 1016 1594 miralie
1067 1532 1136 1593 et
1183 1528 1230 1594 J
1234 1528 1522 1594 ordanus
1567 1528 1670 1595 de]
1723 1528 1870 1607 Pin,
1913 1528 2272 1594 familiares
2319 1528 2493 1615 regis
2522 1528 2859 1609 Tancredi,

760 1631 1004 1718 quibus
1064 1630 1205 1718 ipse
1266 1631 1609 1698 civitatem
1655 1631 2030 1697 Messanam
2076 1630 2444 1697 tradiderat
2489 1631 2860 1698 custodien-

767 1735 939 1810 dam,
976 1733 1058 1798 de
1089 1737 1281 1799 nocte
1309 1733 1557 1799 furtive
1588 1734 1901 1799 abierunt
1927 1757 1944 1814 ;
1974 1734 2374 1799 adducentes
2402 1754 2621 1798 secum
2652 1738 2858 1798 totam

766 1835 1091 1901 familiam
1136 1857 1325 1900 suam
1372 1841 1440 1901 et
1486 1837 1933 1902 substantiam
1977 1857 2178 1922 quam
2222 1833 2559 1900 habebant
2588 1834 2660 1898 in
2702 1856 2861 1901 auro

769 1942 837 2004 et
913 1944 1230 2026 argent03
1307 1939 1534 2004 domos
1598 1961 1756 2006 vero
1819 1939 2087 2005 illorum
2150 1942 2220 2003 et
2281 1936 2502 2024 galeas
2563 1941 2633 2001 et
2697 1937 2859 2002 alias

764 2042 1198 2127 possessiones
1243 2062 1397 2106 suas
1440 2040 1740 2107 saisiavit
1784 2063 1907 2106 rex
1968 2041 2291 2105 Ricardus
2350 2040 2420 2103 in
2479 2060 2684 2104 manu
2739 2061 2860 2105 sua

414 2148 620 2194 Richmi
765 2142 902 2208 illis
933 2142 1352 2208 abeuntibus·
1445 2143 1702 2210 Deinde
1732 2166 1853 2209 rex
1884 2143 2151 2230 Angliae
2198 2142 2519 2207 fossatum
2547 2164 2857 2229 magnum

411 2200 704 2304 &me
759 2245 974 2312 latum
1020 2251 1090 2310 et
1137 2246 1539 2332 profundum
1585 2246 1744 2312 fecit
1787 2246 1934 2312 fieri
1978 2266 2097 2333 per
2124 2244 2415 2311 medium
2446 2245 2679 2310 insulae
2710 2267 2857 2331 quse

411 2302 603 2399 graessfl·
754 2354 858 2415 est
907 2351 981 2414 in
1025 2349 1300 2413 flumine
1346 2348 1452 2414 del
1500 2349 1672 2414 Far:
1721 2350 1795 2414 in
1836 2371 1969 2435 qua
2013 2354 2114 2415 est
2157 2348 2545 2435 praedictum
2604 2370 2860 2415 monas-

761 2451 1006 2519 terium
1069 2450 1463 2532 Griffonum,
1523 2451 1640 2517 ubi
1686 2452 1982 2520 thesauri
2025 2451 2197 2538 regis
2243 2457 2313 2518 et
2355 2450 2674 2517 victualia
2717 2473 2861 2517 cus·

753 2555 1225 2637 todiebantur3
1290 2554 1391 2640 cuj
1399 2575 1477 2619 us
1536 2555 1889 2643 longitudo
1954 2553 2161 2620 totius
2234 2552 2473 2619 insulse
2564 2554 2857 2620 continet

761 2657 1191 2724 latitudinem
1237 2657 1322 2723 ab
1367 2678 1505 2723 una
1548 2658 1695 2744 ripa
1739 2658 1813 2721 in
1873 2657 2167 2737 alteram,
2215 2659 2286 2720 et
2330 2654 2482 2719 finis
2527 2654 2667 2742 ejus
2723 2659 2859 2720 ter-

766 2759 1065 2825 minatur
1131 2760 1205 2825 in
1253 2758 1638 2847 Caripdim.¹
1732 2759 1823 2825 Et
1874 2765 1975 2826 est
2026 2757 2396 2825 notandum
2427 2757 2603 2844 quod
2634 2758 2706 2822 in
2732 2757 2857 2822 flu·

765 2863 876 2928 vio
933 2862 1048 2928 illo
1110 2862 1219 2927 del
1265 2862 1398 2927 Far
1464 2862 1545 2927 de
1592 2861 1928 2927 Mechines
1996 2866 2157 2928 sunt
2215 2860 2332 2927 illa
2394 2861 2525 2926 duo
2570 2860 2860 2949 pericula

774 2967 976 3030 maris
1021 2965 1332 3041 maxima,
1364 2965 1613 3031 scilicet
1659 2964 1829 3031 Silla
1857 2970 1926 3031 et
1956 2965 2278 3032 Oaribdis.
2372 2964 2667 3044 Quarum
2706 2986 2858 3044 una,

763 3067 953 3147 Silla,
1018 3072 1118 3132 est
1179 3068 1264 3132 ad
1319 3068 1672 3133 introitum
1717 3067 1826 3132 del
1871 3069 2003 3133 Far
2046 3089 2247 3155 prope
2290 3066 2358 3131 la
2401 3066 2746 3153 Baignare‚
2790 3072 2861 3132 et

756 3170 986 3248 altera,
1032 3168 1280 3235 scilieet
1313 3168 1637 3252 caribdis,
1686 3174 1787 3236 est
1830 3193 2030 3259 prope
2076 3171 2335 3237 exitum
2379 3169 2487 3235 del
2517 3169 2662 3234 Far.
2750 3168 2861 3235 Ad

755 3271 941 3359 cujus
987 3271 1431 3359 cognitionem
1475 3271 1650 3340 facta
1694 3276 1798 3338 est
1860 3273 2061 3339 turris
2103 3272 2369 3360 lapidea
2412 3273 2487 3338 in
2545 3269 2860 3359 praedicta

765 3375 987 3441 insula
1021 3375 1225 3458 juxta
1269 3376 1592 3442 fossatum
1637 3378 1810 3463 regis
1855 3373 2162 3464 Angliae.2

415 3501 621 3544 maharu
852 3477 1110 3545 Deinde
1185 3478 1361 3544 idem
1439 3479 1762 3545 Ricardus
1837 3501 1957 3545 rex
2031 3479 2297 3566 Angliae
2369 3479 2667 3545 firmavit
2727 3476 2856 3543 sibi
2878 3478 3135 3578 ξῐῦἓῖξεῦι

413 3552 728 3706 Ξεέἕὲοἶιὲῖιᾱ
759 3583 1100 3649 castellum
1145 3582 1329 3648 forte·
1362 3582 1436 3646 in
1481 3582 1826 3670 supercilio
1871 3583 2118 3648 montis
2162 3582 2354 3647 ardui
2399 3587 2594 3647 extra
2635 3602 2858 3646 muros
3061 3540 3104 3579 a

402 3716 408 3720 ·
713 3687 725 3701 ‘
759 3685 1056 3753 civitatis
1163 3685 1501 3765 Messanae,
1614 3685 1795 3772 quod
1915 3684 2346 3771 Mategriffun
2438 3687 2854 3751 vocaverunt.

758 3788 1089 3856 Griffones
1149 3809 1326 3868 vere,
1403 3791 1562 3853 ante
1635 3788 2004 3854 adventum
2077 3789 2249 3875 regis
2324 3786 2603 3874 Angliae,
2665 3793 2859 3853 erant

755 3892 1162 3979 potentiores
1194 3890 1502 3956 omnibus
1533 3891 1648 3975 qui
1679 3895 1872 3956 erant
1913 3892 1988 3957 in
2032 3896 2209 3957 terra
2253 3891 2538 3958 Siciliae:
2587 3895 2657 3957 et
2705 3891 2856 3957 odio

751 3992 1092 4058 habebant
1137 4013 1361 4058 omnes
1435 3992 1734 4058 homines
1810 3994 2376 4074 ultramontanos3
2449 3993 2616 4059 adeo
2678 3991 2853 4078 quod

758 4095 1037 4161 minimo
1081 4093 1421 4161 habebant
1465 4094 1613 4161 illos
1658 4095 2068 4163 interficere:
2117 4118 2237 4163 nec
2297 4101 2442 4162 erat
2486 4094 2601 4183 qui
2665 4093 2857 4180 adju-

750 4203 958 4264 varet.
1045 4196 1181 4263 Sed
1226 4218 1311 4262 ex
1387 4219 1517 4283 quo
1592 4220 1715 4263 rex
1775 4198 2043 4285 Angliae
2104 4199 2262 4265 illuc
2323 4198 2533 4280 venit,
2597 4197 2857 4263 malitia

751 4321 979 4367 eorum
1026 4299 1300 4386 quievit,
1347 4305 1417 4366 et
1458 4305 1754 4387 potestas
1815 4323 2042 4367 eorum
2108 4303 2374 4369 minuta
2415 4307 2535 4380 est,
2579 4305 2669 4367 et·
2696 4300 2857 4366 facti

755 4407 916 4470 sunt
957 4402 1228 4468 viliores
1272 4401 1579 4468 omnibus
1624 4403 2166 4470 inhabitantibus
2196 4409 2444 4471 terram
2475 4404 2673 4470 illam.
2765 4402 2858 4468 Et

750 4510 1095 4593 sperantes
1139 4527 1209 4570 se
1266 4526 1452 4593 posse
1498 4509 1730 4570 contra
1797 4526 2018 4593 regem
2062 4506 2346 4595 Angliae,
2390 4507 2561 4572 sicut
2626 4510 2858 4593 potue—

819 4727 833 4759 ¹
876 4728 1159 4794 Caripdim]
1201 4728 1527 4793 Charybdim,
1579 4729 1750 4779 Hove—
1852 4729 1957 4780 tion
1983 4762 1994 4773 -
2010 4729 2069 4780 of
2107 4691 2279 4795 Scylla
2321 4731 2421 4781 and
2460 4728 2745 4795 Charybdis
2776 4729 2860 4779 for

749 4809 863 4858 den.
1853 4808 2043 4861 several
2065 4810 2210 4861 linea.

815 4886 836 4919 ²
869 4886 1112 4937 Hoveden
1136 4886 1395 4939 continues
1423 4889 1508 4939 the
1531 4888 1751 4954 descrip-
