3585 5863
942 853 1075 918 250
1761 862 1976 914 essm
2017 863 2222 914 REGIS

610 1047 923 1155 &ffld
946 1043 1343 1120 municatus,
1389 1045 1459 1109 et
1503 1046 1686 1109 terra.
1748 1041 1875 1108 sub
1919 1039 2300 1121 interdicto,
2345 1042 2415 1106 et
2475 1035 2780 1126 praedicti
2837 1035 3046 1104 cardi-

610 1162 891 1256 fflffiffi.
951 1147 1135 1215 nales
1181 1145 1511 1213 abierunt.
1606 1144 1866 1226 Quibus
1898 1143 2317 1226 abeuntibus,
2349 1142 2553 1230 Hugo
2584 1141 3050 1210 Dunelmensis

609 1265 693 1358 {133
695 1263 925 1367 Jffioevo.
955 1250 1307 1338 episcopua,
1373 1248 1461 1314 ad
1541 1246 1936 1335 petitionem
2009 1245 2363 1325 senescalli,
2430 1248 2692 1313 secutus
2765 1249 2870 1311 est
2943 1266 3052 1311 eos

609 1376 707 1420 rho
721 1376 888 1430 biano„
964 1374 1172 1440 usque
1225 1350 1684 1430 Wezeliacum,
1726 1356 1809 1418 ut
1852 1372 2001 1417 cum
2043 1350 2177 1416 illis
2219 1371 2340 1437 pro
2385 1368 2462 1417 eo
2504 1370 2732 1436 pacem
2774 1348 3034 1415 faceret.

607 1427 864 1523 {3335oe
1040 1455 1328 1522 Interim
1398 1453 1707 1520 dominus
1768 1475 1942 1542 papa
2002 1452 2402 1520 sententiam
2464 1452 2647 1518 illam
2713 1455 2784 1518 et
2844 1451 3050 1517 inter-
3070 1468 3272 1519 nondun.

609 1543 805 1652 miz-¹⁸⁸
820 1551 882 1587 τ’·
964 1559 1218 1625 dictum
1246 1557 1680 1624 Nomanniae
1716 1556 2065 1635 relaxavit,
2094 1561 2167 1624 et
2206 1556 2494 1622 relaxari
2521 1555 2678 1622 fecit
2722 1576 2764 1622 a
2791 1553 3047 1643 legatis,
3065 1524 3268 1565 *¹²²²

610 1620 872 1756 ϊιξξξξὲξθ
957 1666 1030 1728 et
1070 1660 1383 1749 praecepit
1426 1661 1605 1747 quod
1646 1682 1784 1726 non
1828 1659 2160 1727 intrarent
2202 1659 2279 1725 in
2320 1660 2390 1725 N
2393 1659 2850 1726 ormanniaml

609 1777 820 1873 m
842 1827 926 1874 tho
1052 1763 1304 1830 Eodem
1347 1784 1523 1829 anno
1567 1768 1715 1829 orta
1766 1768 1869 1830 est
1914 1765 2138 1850 gravis
2182 1761 2501 1829 dissensio
2543 1763 2722 1829 inter
2765 1762 3047 1840 clericos,

611 1879 893 1975 gffiggggtff
957 1867 1209 1935 scilicet
1253 1867 1613 1946 canonicoS,
1653 1867 2055 1955 Rothomagi
2098 1871 2169 1933 et
2211 1867 2387 1933 cives
2430 1865 2744 1933 civitatis.
2836 1865 3049 1931 Cano-

614 1981 791 2026 nonen.
959 1972 1093 2038 nici
1137 1992 1422 2057 namque
1450 1992 1715 2037 murum
1760 1991 2010 2036 novum
2047 1969 2339 2036 fecerant
2382 1969 2555 2035 circa.
2597 1967 3050 2036 coemeterium

962 2096 1173 2151 suum,
1217 2077 1287 2139 et
1330 2072 1727 2160 collegerant
1786 2072 1972 2139 intus
2016 2077 2446 2138 mercatores:
2515 2076 2586 2138 et
2628 2072 2849 2138 visum
2907 2075 3051 2137 erat

967 2177 1226 2244 civibus
1271 2176 1446 2263 quod
1488 2176 1614 2242 hoc
1656 2174 1864 2242 fiebat
1922 2176 2010 2240 ad
2053 2175 2531 2241 detrimentum
2575 2174 2913 2241 civitatis:
2980 2178 3052 2240 et

961 2278 1299 2369 petierunt
1330 2282 1411 2344 ut
1456 2278 1753 2344 canonici
1798 2282 2292 2365 prosternerent
2334 2299 2500 2365 opus
2542 2277 2732 2359 illud,
2761 2281 2834 2343 et
2876 2277 3051 2343 nole-

960 2385 1143 2449 bant.
1234 2380 1437 2447 Unde
1498 2380 1749 2447 factum
1817 2386 1917 2447 est
1984 2382 2162 2468 quod
2221 2381 2509 2468 quadam
2577 2380 2688 2447 die
2745 2380 2922 2447 cives
2965 2401 3050 2447 ex

959 2484 1292 2552 communi
1337 2484 1609 2550 consilio
1675 2485 2032 2565 irruerunt,
2079 2489 2151 2550 et
2191 2507 2455 2551 murum
2513 2483 2705 2551 illum
2747 2482 3049 2550 funditus

963 2589 1454 2655 subverterunt.
1575 2585 1895 2653 Canonici
1979 2591 2206 2654 autem
2286 2586 2608 2674 petebant
2680 2609 2724 2652 a
2796 2585 3048 2652 civibus

960 2689 1544 2758 reaedificationem
1585 2690 1781 2771 muri,
1830 2695 1899 2755 et
1956 2691 2328 2757 cautionem
2373 2690 2601 2756 standi
2651 2690 2911 2777 judicio
2954 2711 3050 2755 ec-

955 2794 1188 2874 clesiae,
1222 2798 1294 2859 et
1336 2792 1704 2858 noluerunt.
1797 2794 1984 2859 Tunc
2028 2793 2327 2861 canonici
2372 2816 2592 2860 cruces
2635 2794 3049 2860 ecclesiarum

956 2898 1425 2985 deposuerunt,
1473 2900 1545 2963 et
1589 2916 1814 2964 omnes
1857 2895 2155 2964 ecclesias
2198 2897 2492 2964 civitatis
2535 2918 2596 2962 a·
2621 2895 2876 2964 Divino
2920 2917 3049 2964 ces-

619 3019 696 3064 No
711 3032 833 3065 mass
848 3021 891 3065 is
960 3024 1108 3068 sare
1153 3002 1452 3068 fecerunt
1495 3000 1748 3081 officio;
1811 3005 1879 3066 et
1941 3002 2037 3066 sic
2102 3022 2144 3066 a.
2187 3000 2357 3067 festo
2401 3000 2664 3068 Sanctae
2709 3000 3049 3068 Katerinae
3179 3060 3183 3064 ⁴

613 3071 891 3218 ἓξὲξ
957 3126 1173 3191 usque
1219 3105 1307 3168 ad
1354 3102 1608 3169 Pascha
1653 3103 1934 3169 cessavit
1975 3102 2211 3169 civitas
2254 3126 2298 3168 a
2340 3102 2777 3171 celebratione
2820 3105 3048 3183 missae,

793 3185 843 3217 ω
892 3185 929 3217 r.
958 3211 1031 3273 et
1101 3205 1412 3294 jacebant
1456 3227 1723 3293 corpora
1782 3210 2194 3272 mortuorum
2237 3229 2356 3294 per
2411 3207 2668 3294 plateas
2709 3208 3052 3296 insepulta

964 3309 1077 3377 Ad
1122 3307 1374 3375 Pascha
1432 3330 1592 3374 vero
1655 3307 1833 3374 cives
1894 3309 2412 3377 introduxerunt
2472 3312 2897 3398 presbyteros
2939 3312 3049 3377 ad-

968 3433 1188 3491 venas,
1222 3415 1293 3476 et
1335 3410 1564 3476 fractis
1607 3411 1893 3477 ecclesiis
1936 3411 2236 3478 fecerunt
2278 3433 2388 3479 eos
2427 3413 2752 3480 celebrare
2794 3414 2872 3479 in
2902 3413 3047 3494 illis,

965 3520 1038 3582 et
1083 3514 1615 3581 communionem
1661 3513 1969 3601 Corporis
2014 3520 2084 3581 et
2130 3513 2486 3604 Sanguinis
2515 3515 2787 3583 Domini
2832 3518 2922 3582 ab
2965 3518 3053 3582 eis

968 3622 1369 3705 receperunt.
1489 3617 1537 3682 J
1541 3616 1831 3684 ohannes
1903 3639 2060 3683 vero
2135 3618 2418 3685 decanus
2492 3618 2913 3708 Rothomagi,
2990 3625 3053 3685 et

981 3720 1280 3790 canonici
1349 3719 1643 3807 ejusdem
1689 3720 1991 3802 ecclesius,
2036 3721 2350 3809 fugerunt
2391 3722 2478 3787 ad
2522 3722 2786 3804 Andeli,
2830 3723 3053 3790 villam

971 3824 1528 3912 Rothomagensis
1572 3822 2056 3911 archiepiscopi,
2104 3829 2173 3891 et
2215 3825 2315 3890 ibi
2356 3830 2753 3892 manserunt.

1026 4274 1045 4308 ¹
1080 4276 1227 4328 With
1260 4277 1397 4329 these
1430 4279 1596 4328 words
1636 4273 1958 4341 Brompton’s
2056 4278 2392 4342 musterium,
2435 4279 2695 4347 following
2728 4281 2775 4332 it
2816 4298 2887 4347 up
2929 4281 3048 4332 with

960 4363 1181 4408 extracta
1223 4358 1351 4408 from
1396 4371 1490 4408 our
1532 4357 1802 4412 Chronicle
1844 4361 1959 4424 end,
2058 4365 2278 4412 extracta
2331 4359 2464 4411 from
2520 4360 2744 4412 william
2799 4362 2862 4412 of
2906 4361 3048 4412 Nev-

962 4453 1008 4488 e.
1059 4443 1201 4489 1240.
1290 4438 1376 4488 He
1416 4438 1652 4502 proceeds
1692 4440 1816 4491 with
1872 4442 1958 4493 the
2057 4441 2237 4506 burgh,
2297 4440 2494 4492 Walter
2545 4440 2609 4491 of
2652 4440 3048 4508 Hemingburgh,

962 4524 1174 4571 account
1215 4518 1275 4570 of
1311 4518 1398 4569 the
1436 4517 1658 4570 Orusade
1698 4518 1832 4570 from
1873 4521 1958 4572 the
2057 4522 2158 4571 and
2177 4520 2345 4585 Ralph
2365 4519 2425 4571 of
2441 4520 2758 4588 coggeshall.
