3585 5863
969 869 1099 934 214
1785 878 2000 930 cusu
2042 878 2243 929 amm

666 1067 907 1164 agangi
968 1056 1072 1117 est
1098 1052 1184 1116 ad
1212 1051 1635 1118 securitatem
1662 1052 1867 1139 regni.
1942 1051 1990 1117 J
1993 1051 2286 1118 ohannes
2315 1069 2530 1116 comes
2557 1048 2765 1115 frater
2792 1046 2967 1135 reg-is
2994 1049 3064 1113 et
3085 1063 3296 1159 ggvffm.

633 1182 731 1226 ‘rho
747 1182 934 1236 bishop·
971 1153 1491 1241 archiepiscopus
1532 1154 2099 1242 Rothomagensis,
2147 1159 2217 1220 et
2260 1174 2485 1220 omnes
2528 1152 2834 1241 episcopi,
2866 1150 3064 1218 comi-
3088 1147 3217 1261 313⁸·
3206 1117 3324 1210 ἐκ·

631 1233 923 1346 ἓρῗὲῗαᾞέἳέ
971 1263 1071 1324 tes
1116 1263 1185 1324 et
1228 1258 1512 1325 barones
1548 1257 1738 1346 regni
1801 1258 1918 1344 qui
1961 1259 2257 1337 aderant,
2306 1261 2761 1324 concesserunt
2812 1253 3068 1321 civibus

633 1334 924 1479 ἔξὲιξῗὲῖὲἕε
974 1361 1472 1428 Lundoniarum
1534 1383 1954 1429 communam
2022 1383 2229 1441 suam,
2292 1367 2363 1427 et
2421 1361 2822 1447 juraverunt
2891 1356 3066 1445 quod

633 1486 739 1579 ξιξ
753 1498 903 1580 ffi-
973 1464 1103 1552 ipsi
1131 1487 1275 1531 eam
1305 1471 1374 1532 et
1404 1464 1764 1554 dignitates
1794 1465 2087 1532 civitatis
2118 1464 2616 1530 Lundoniarum
2659 1462 3068 1530 custodirent

629 1598 686 1681 ζ
698 1599 938 1682 egomet
971 1567 1285 1651 illibatas,
1314 1570 1631 1656 quamdiu
1657 1569 1800 1656 regi
1830 1568 2162 1657 placuerit.
2240 1567 2333 1633 Et
2361 1567 2539 1633 cives
2569 1565 3071 1633 Lundoniarum

632 1700 800 1735 crown.
973 1676 1042 1737 et
1086 1672 1372 1759 episcopi
1416 1677 1488 1739 et
1531 1672 1805 1739 comites
1833 1677 1905 1737 et
1947 1671 2230 1740 barones
2263 1669 2667 1757 juraverunt
2709 1667 3071 1734 fidelitates

969 1775 1113 1861 regi
1143 1775 1447 1853 Ricard0‚
1478 1781 1547 1842 et
1577 1775 1624 1842 J
1628 1774 1876 1841 ohanni
1920 1775 2151 1842 comiti
2196 1774 2278 1839 de
2307 1774 2645 1840 Meretone
2688 1772 2885 1838 fratri
2929 1770 3070 1856 ejus

969 1877 1158 1944 salva
1181 1879 1547 1968 fidelitate,
1595 1883 1664 1945 et
1708 1878 1884 1966 quod
1951 1878 2144 1944 illum
2211 1878 2287 1943 in
2350 1876 2694 1953 dominum
2762 1895 2958 1941 suum
3000 1878 3071 1940 et

969 2003 1191 2069 regem
1236 1983 1618 2070 reciperent,
1666 1982 1724 2048 si
1768 2003 1889 2047 rex
1931 1981 2075 2048 sine
2119 1979 2302 2069 prole
2347 1979 2709 2046 decesserit

707 2093 812 2142 Oct.
826 2100 868 2142 ⁹·
1062 2084 1502 2151 Cancellarius
1546 2106 1706 2151 vero
1757 2084 2159 2151 cancellatus
2202 2090 2272 2150 et
2316 2084 2416 2149 ita
2459 2082 2798 2170 depositus
2818 2077 2847 2120 ¹
2885 2079 3068 2166 jura·
3092 2108 3294 2158 nomm.

630 2155 729 2203 'l'hc
744 2160 883 2204 chan·
3002 2189 3071 2249 et
3090 2161 3292 2207 amb-w.

632 2211 947 2257 oenonwoen
970 2186 1077 2253 vit
1121 2188 1299 2275 quod
1344 2189 1651 2255 redderet
1707 2188 1938 2255 comiti
1983 2187 2031 2253 J
2032 2186 2281 2253 ohanni
2324 2186 2594 2253 castella
2636 2184 2945 2272 Angliae3

632 2261 947 2364 &iffi-133⁰
973 2291 1207 2356 statim
1247 2291 1544 2357 reddidit
1611 2291 1673 2358 ei
1740 2291 1984 2357 turrim
2030 2290 2548 2368 Lundoniarum,
2593 2293 2663 2355 et
2725 2287 3070 2354 castellum

634 2363 810 2474 §2332ss
811 2364 947 2459 313⁰
973 2395 1055 2461 de
1098 2394 1642 2472 windeshovere,
1691 2400 1760 2461 et
1807 2395 1941 2461 alia
1984 2394 2291 2481 quaedam
2338 2394 2455 2459 sed
2496 2414 2636 2459 non
2679 2390 2922 2457 omnia.

630 2463 865 2582 335⁰AE
1062 2497 1295 2565 Gavisi
1361 2505 1521 2566 sunt
1564 2498 1866 2565 homines
1911 2499 2103 2586 regni
2148 2498 2231 2564 de
2273 2496 2642 2583 abjectione
2686 2494 3071 2562 cancellarii.

631 2590 739 2675 ἷξῗιῗ
755 2583 806 2626 ⁸¹³
821 2581 896 2627 ω’
971 2599 1125 2689 Ipse
1155 2603 1334 2669 enim
1377 2602 1528 2669 illos
1570 2602 1747 2669 male
1789 2607 2218 2683 tractaverat,
2248 2605 2319 2668 et
2363 2623 2590 2668 omnes
2630 2604 2777 2666 tam
2810 2598 3074 2665 clericos

971 2729 1172 2793 quam
1214 2706 1418 2773 laicos
1477 2706 1750 2794 injustis
1792 2705 2269 2773 vexationibus
2312 2709 2810 2794 aggravaverat.
2899 2705 3074 2768 Auc-

968 2809 1248 2876 toritate
1292 2831 1580 2898 namque
1626 2810 1978 2898 legationis
2044 2831 2183 2877 suae
2226 2809 2316 2875 ad
2360 2810 2711 2896 episcopos,
2758 2812 2830 2873 et
2874 2807 3075 2872 abba-

971 2913 1105 2980 tias
1147 2918 1219 2981 et
1262 2913 1617 3000 prioratus,
1663 2918 1735 2981 et
1779 2913 1870 2980 ad
1913 2913 2079 2980 alias
2146 2913 2606 3001 religiosorum
2650 2912 2886 2979 domus
2928 2909 3076 2976 hos-

973 3016 1312 3104 pitaturus
1355 3016 1689 3098 veniebat,
1741 3018 1816 3083 in
1874 3022 2070 3083 tanta
2116 3016 2577 3106 superfluitate
2619 3015 2967 3082 hominum
3010 3018 3077 3080 et

973 3140 1292 3206 equorum
1338 3124 1408 3185 et
1451 3141 1692 3186 canum
1738 3125 1810 3186 et
1853 3121 2104 3201 avium,
2151 3121 2331 3208 quod
2374 3120 2606 3185 domus
2650 3119 2726 3184 in
2768 3140 2905 3205 qua
2946 3139 3080 3183 una

974 3227 1166 3288 nocte
1211 3221 1693 3310 hospitabatur,
1739 3222 1864 3290 vix
1906 3224 2086 3291 infra
2138 3246 2351 3291 annos
2409 3228 2548 3290 tres
2605 3222 3079 3310 subsequentes

974 3324 1049 3390 in
1113 3325 1473 3412 pristinum
1539 3331 1792 3394 statum
1860 3327 2076 3394 redire
2147 3332 2383 3417 posset.
2475 3326 2747 3394 Clericis
2791 3347 2953 3392 vero
3010 3330 3080 3391 et

975 3427 1162 3494 laicis
1207 3430 1509 3496 ecclesias
1565 3452 1644 3496 ac
1703 3436 1934 3514 terras,
1982 3433 2237 3520 praedia
2303 3438 2373 3498 et
2440 3431 2881 3519 possessiones
2931 3449 3078 3496 suas

975 3530 1301 3613 abstulit3
1361 3554 1527 3619 quas
1586 3539 1709 3601 aut
1765 3532 2125 3623 nepotibus
2189 3535 2325 3601 suis
2392 3540 2463 3600 et
2524 3533 2774 3600 clericis
2832 3538 2908 3600 et
2950 3552 3078 3598 ser-

975 3636 1316 3702 vientibus
1361 3637 1691 3726 erogabat,
1738 3646 1862 3706 aut
1922 3638 2402 3705 damnabiliter
2444 3636 2796 3718 retinebat,
2842 3642 2966 3702 aut
3006 3635 3079 3699 in

976 3761 1132 3806 usus
1194 3741 1750 3809 extraordinarios
1826 3740 2257 3830 dilapidabat.
2373 3740 2623 3807 Infelix
2682 3739 2819 3818 ille,
2882 3758 3077 3826 quare

975 3864 1110 3909 non
1155 3844 1490 3931 cogitabat
1535 3846 1714 3932 quod
1772 3851 2023 3932 quanto
2085 3846 2234 3932 quis
2278 3845 2519 3911 altiora
2560 3843 2841 3932 appetit,
2890 3849 3078 3910 tanto

963 3949 1183 4036 ‘magis
1226 3949 1315 4013 ad
1358 3948 1670 4015 inferiora
1713 3946 2068 4029 descendit,
2118 3950 2175 4015 si
2235 3946 2647 4037 ignoraverit
2702 3967 3077 4015 mensuram

979 4055 1216 4116 suam?
1344 4048 1437 4117 Et
1486 4073 1604 4118 cur
1646 4072 1786 4118 non
1832 4052 2283 4119 consideravit
2324 4051 2503 4139 quod
2545 4050 2659 4117 ille
2717 4051 3078 4117 moriturus
3100 4074 3263 4128 Luna..

977 4158 1163 4233 esset,
1193 4158 1262 4220 et
1307 4155 1486 4242 quod
1528 4160 1848 4244 negatum
1892 4162 1996 4223 est
2041 4154 2315 4223 summis
2359 4161 2539 4222 stare
2584 4155 2742 4235 diu3
2788 4162 2863 4222 et
2907 4154 3078 4244 quod
3100 4118 3337 4171 mm

978 4261 1231 4345 quanto
1275 4259 1518 4346 gradus
1563 4261 1655 4325 sit
1698 4259 1913 4340 altior,
1945 4265 2138 4327 tanto
2182 4260 2407 4347 lapsus
2452 4264 2555 4326 est
2598 4258 2917 4346 gravior?
2989 4256 3078 4323 Et

978 4382 1180 4450 quare
1223 4384 1359 4428 non
1426 4363 1763 4453 cogitabat
1829 4362 2068 4430 infelix
2110 4362 2225 4430 ille
2292 4363 2469 4451 quod
2529 4384 2678 4429 cum
2721 4363 2799 4427 in
2841 4361 3078 4429 ultimo

1048 4672 1065 4705 ¹
1093 4675 1174 4728 On
1193 4675 1280 4726 the
1297 4672 1637 4742 Wednesday.
1680 4673 1790 4727 Gir.
1808 4674 1985 4727 Camb.
2086 4675 2172 4726 the
2211 4675 2478 4726 surrender
2514 4674 2575 4725 of
2612 4672 2697 4724 the
2734 4672 2932 4724 castles.
3000 4672 3081 4725 On

984 4762 1099 4808 398.
1168 4756 1280 4807 The
1304 4770 1441 4808 same
1463 4758 1563 4822 day
1586 4757 1671 4807 the
1695 4754 1989 4806 chancellor
2087 4753 2359 4821 Thursday
2379 4753 2464 4803 the
2492 4752 2610 4803 loth
2631 4752 2699 4803 he
2728 4767 2835 4803 m
2868 4752 3084 4819 deposed

980 4851 1085 4889 vas
1107 4836 1386 4900 compelled
1407 4842 1461 4889 to
1483 4836 1602 4903 give
1634 4835 1873 4902 hontages
1906 4835 1987 4886 for
2082 4833 2215 4885 from
2237 4834 2325 4885 the
2341 4831 2707 4899 justiciamhip.
