3585 5863
1582 918 1883 973 mosam.
2667 908 2799 972 103

337 1094 435 1192 θ’·
450 1144 498 1191 b·
514 1106 564 1194 ’ὲ
692 1084 2795 1251 13fflbgsssseffgsspffissfflmngffiffnssgujcg‘g’ge'„{³2²2m}
2844 1098 3099 1228 '‘ffliff'·

690 1258 731 1288 ‘⁸
767 1258 948 1318 saciat
981 1261 1214 1333 integre
1251 1266 1312 1318 et
1347 1262 1627 1334 plenarie,
1656 1261 1814 1333 quod
1830 1258 1853 1293 ⁸
1887 1279 1992 1316 rex
2030 1260 2362 1317 Scottorum
2398 1260 2789 1315 Malcholmus
2816 1212 3003 1309 gtlfftlan
3052 1220 3110 1312 ζ’

689 1344 728 1370 “
767 1344 951 1400 frater
974 1346 1103 1416 ejus
1129 1345 1595 1401 antecessoribus
1614 1342 1832 1400 nostris
1849 1342 1989 1401 fecit
2012 1344 2085 1399 de
2103 1346 2240 1415 jure
2265 1349 2326 1400 et
2349 1344 2421 1399 de
2440 1343 2576 1415 jure
2596 1344 2788 1398 facere
2812 1315 3079 1411 trssoffiffld

690 1428 728 1454 ‘⁶
767 1426 1084 1484 debuerit.⁷
1155 1428 1235 1484 Et
1267 1446 1375 1484 nos
1411 1427 1731 1484 faciemus⁸
1767 1429 1823 1483 ei
1861 1429 2143 1500 quicquid
2166 1433 2565 1484 antecessores
2601 1427 2789 1482 nostri
2813 1416 3101 1522 ζξξοῑξὲςῗῖξ

691 1512 729 1537 “
769 1512 1049 1582 praedicto
1087 1512 1404 1569 Malcolmo
1441 1512 1514 1568 de
1555 1511 1693 1583 jure
1744 1513 2013 1568 fecerunt
2065 1520 2127 1568 et
2177 1513 2371 1568 facere
2422 1512 2786 1576 debuerunt;
2813 1517 2974 1570 Hem
2991 1514 3058 1563 ΙΙ-

689 1595 729 1621 “
767 1595 995 1651 scilicet
1019 1597 1081 1652 in
1104 1596 1397 1652 conductu
1413 1594 1435 1627 ⁹
1458 1595 1746 1652 veniendo
1770 1592 1846 1651 ad
1864 1596 2109 1662 curiam,
2138 1602 2198 1651 et
2220 1594 2518 1651 redeundo
2543 1613 2579 1650 a
2602 1594 2787 1661 curia,

689 1676 728 1705 ‘¹
766 1680 827 1733 et
862 1678 925 1734 in
958 1679 1235 1735 morando
1272 1680 1334 1735 in
1367 1678 1549 1745 ouria,
1590 1683 1649 1735 et
1684 1678 1746 1734 in
1781 1678 2289 1750 procurationibus
2328 1683 2388 1734 et
2420 1676 2485 1733 in
2520 1676 2790 1733 omnibus

687 1762 727 1789 ‘¹
764 1760 1156 1829 libertatibus,
1185 1760 1574 1836 dignitatibus
1599 1768 1660 1819 et
1699 1762 2022 1819 honoribus
2067 1763 2333 1834 ejusdem
2364 1762 2500 1833 jure
2540 1761 2788 1827 debitis;

685 1848 726 1873 “
764 1847 1085 1902 secundum
1110 1848 1267 1919 quod
1287 1853 1740 1919 recognoscetur
1764 1865 1802 1903 a
1825 1852 2074 1918 quatuor
2096 1846 2438 1919 proceribus
2472 1845 2689 1901 nostris
2715 1846 2789 1901 ab

686 1931 725 1957 ‘⁶
761 1930 891 2001 ipso
927 1931 1227 1987 Willelmo
1261 1949 1405 2003 rege
1443 1932 1667 1996 electis,
1708 1937 1770 1986 et
1818 1949 1854 1986 a
1890 1938 2141 2002 quatuor
2175 1931 2516 2003 proceribus
2553 1929 2715 1985 illius
2752 1947 2789 1985 a

685 2015 723 2041 “
758 2014 929 2071 nobis
965 2015 1190 2072 electis.
1269 2016 1335 2072 Si
1372 2022 1571 2073 autem
1619 2016 1764 2070 fines
1804 2015 1930 2071 sive
1947 2014 1986 2048 ¹⁰
2020 2015 2313 2071 marchias
2348 2014 2521 2086 regni
2572 2013 2784 2069 Scotiae
2808 2017 2978 2113 ΔΠοῐιιι-

683 2099 721 2125 “
759 2096 975 2169 aliquis
1010 2106 1345 2156 nostrorum
1374 2097 1679 2155 hominum
1713 2105 2027 2171 postquam
2062 2116 2165 2154 rex
2200 2098 2518 2170 praedictus
2554 2096 2783 2153 Willel-
2805 2072 3122 2165 gffoefflg’

682 2183 720 2208 ‘⁸
758 2198 891 2238 mus
916 2200 952 2237 a
975 2187 1135 2253 patre
1168 2188 1368 2239 nostro
1391 2187 1596 2254 captus
1621 2178 1798 2247 fuit,¹¹
1823 2178 2215 2254 usurpaverit,
2243 2182 2464 2253 absque
2494 2178 2785 2252 judiei0,¹²
2806 2170 3085 2266 ἧξῇῗιῗξέξθ

682 2265 721 2293 “
757 2264 1029 2321 volumus
1052 2270 1123 2322 ut
1143 2266 1373 2338 integre
1395 2267 1801 2331 restituantur,
1821 2271 1883 2321 et
1905 2265 1981 2321 ad
2005 2280 2139 2320 eum
2165 2272 2385 2321 statum
2407 2265 2779 2332 reducantur,
2807 2273 3119 2366 cuptivgfam

684 2348 724 2374 “
763 2365 877 2419 quo
902 2353 1071 2403 erant
1105 2354 1240 2404 ante
1276 2350 1407 2420 ejus
1433 2349 1780 2420 captionem.
1843 2349 2144 2404 Praeterea
2167 2349 2240 2404 de
2276 2348 2450 2404 terris
2489 2348 2613 2404 suis
2640 2366 2784 2420 quas
2805 2324 2954 2365 '⁶⁸⁶⁰'
3015 2355 3026 2367 ·

684 2431 723 2458 “
759 2428 996 2487 habet„
1029 2430 1093 2487 in
1115 2430 1353 2504 Anglia,
1382 2448 1488 2489 seu
1513 2428 1823 2487 dominicis
1862 2446 1968 2487 seu
2004 2432 2216 2497 feudis,
2245 2432 2476 2487 scilicet
2508 2431 2571 2486 in
2605 2432 2784 2487 comi-

686 2514 724 2540 ‘⁶
761 2520 888 2570 tatu
923 2514 1315 2571 Huntedoniae
1365 2521 1427 2572 et
1470 2510 1535 2571 in
1593 2516 1868 2571 omnibus
1930 2515 2084 2581 aliis,
2148 2516 2211 2570 in
2271 2532 2341 2571 ea
2398 2515 2671 2570 libertate
2730 2521 2789 2571 et

684 2597 722 2624 “
759 2592 1121 2673 plenitudine
1136 2594 1178 2631 ¹⁴
1213 2594 1531 2670 possideat,
1561 2603 1622 2654 et
1655 2597 1922 2653 haeredes
1960 2599 2090 2669 ejus
2126 2597 2187 2653 in
2210 2602 2580 2669 perpetuum,
2611 2612 2729 2667 qua
2746 2595 2785 2629 ¹⁵

686 2680 723 2707 “
759 2680 1107 2737 Malcolmus
1156 2682 1421 2754 possedit
1473 2682 1571 2739 vel
1623 2680 1928 2754 possidere
1978 2678 2199 2747 debuit,
2243 2679 2361 2736 nisi
2409 2679 2725 2752 praedictus
2745 2680 2787 2713 ¹⁸

683 2763 722 2790 ‘⁸
758 2760 1108 2821 Malcolmus
1131 2764 1228 2821 vel
1250 2764 1514 2822 haeredes
1541 2766 1635 2823 sui
1660 2765 1887 2836 aliquid
1908 2771 2113 2838 postea
2130 2760 2170 2804 ¹⁷
2193 2762 2638 2821 infeodaverint.
2688 2760 2786 2820 Ita

684 2848 721 2875 “
758 2854 956 2904 tamen
993 2848 1151 2919 quod
1185 2844 1414 2920 siqua¹⁸
1438 2856 1642 2921 postea
1677 2848 1973 2905 infeodata
1997 2854 2152 2915 sunt,
2179 2850 2444 2920 ipsorum
2478 2844 2783 2902 feodorum

683 2933 720 2960 “
758 2931 1002 2989 servitia
1036 2928 1112 2989 ad
1148 2952 1283 2990 eum
1317 2934 1414 2990 vel
1432 2934 1475 2968 ¹⁹
1508 2933 1774 2991 haeredes
1825 2935 1954 3008 ejus
1991 2935 2338 3006 pertineant.
2413 2930 2493 2989 Et
2528 2928 2783 3004 siquldffl
2805 2935 3089 2999 'Rhemum-

683 3019 720 3044 “
755 3022 923 3088 pater
955 3025 1154 3074 noster
1188 3017 1470 3091 praedicto
1483 3013 1522 3050 ²¹
1560 3017 1862 3075 Willelmo
1908 3017 2041 3090 regi
2088 3013 2458 3083 donaverit?
2491 3022 2686 3072 ratum
2722 3022 2782 3073 et
2804 2989 3009 3082 ἷῧέῗῧὲὧ
3024 3039 3077 3083 iu

683 3102 720 3127 ‘⁸
756 3101 994 3157 firmum
1026 3101 1244 3158 habere
1279 3099 1614 3159 volumus-¹³
1686 3099 2076 3158 Reddidimus
2114 3100 2295 3157 etiam
2313 3098 2354 3133 ²⁴
2378 3099 2657 3172 ligantias
2681 3099 2781 3155 ho-
2801 3088 3065 3191 gfflmmffid,

682 3185 720 3210 “
755 3184 983 3240 minum
1006 3203 1248 3242 suorum
1261 3184 1303 3218 ¹⁵
1330 3192 1390 3242 et
1413 3204 1613 3243 omnes
1637 3192 1831 3242 cartas
1857 3204 2003 3258 quas
2040 3183 2311 3241 dominus
2328 3180 2371 3216 ²⁶
2393 3185 2561 3256 pater
2582 3187 2781 3240 noster
2802 3189 2993 3283 ssfflhe

681 3270 719 3294 ‘⁸
756 3267 830 3323 de
865 3286 935 3324 eo
970 3269 1179 3325 habuit
1202 3287 1308 3342 per
1332 3272 1662 3343 captionem
1688 3288 1874 3326 suam.
1947 3270 2028 3326 Et
2063 3270 2115 3326 si
2153 3269 2367 3340 aliquoe
2402 3267 2594 3325 aliae²⁷
2631 3267 2780 3324 forte
2802 3252 2996 3333 orthem

681 3353 718 3378 ‘⁸
755 3369 861 3424 per
878 3353 1231 3410 oblivionem
1248 3361 1494 3412 retentae
1519 3360 1623 3410 aut
1643 3354 1897 3411 inventae
1920 3354 2157 3419 fuerint,
2182 3371 2280 3408 eas
2303 3353 2537 3425 penitus
2553 3352 2780 3408 viribus
2803 3340 3009 3434 {gffiffih

1137 3494 1612 3501 ,ψ-ῌ-η-
1697 3495 1933 3502 ,,”---
1964 3495 1975 3500 ,
1998 3493 2279 3500 —n-„m
2326 3494 2431 3499 „w
2488 3496 2771 3504 --—.--
2802 3453 2938 3493 εινοιι
2955 3455 3033 3495 up.

740 3571 757 3603 ¹
791 3571 928 3623 bonoe
946 3573 1205 3641 memorioe]
1243 3571 1423 3638 bonus,
1447 3576 1520 3627 0.·
1844 3573 1882 3606 ¹⁸
1916 3571 2044 3640 qua]
2082 3573 2323 3638 prefatus
2345 3588 2455 3636 rex,
2477 3572 2574 3625 ins,
2599 3575 2661 3627 Ο.

737 3649 759 3682 ²
789 3652 949 3718 meus]
985 3661 1172 3716 noster,
1190 3653 1254 3705 Ο.
1319 3653 1542 3705 Richard
1561 3653 1605 3703 1.
1627 3649 1674 3704 is
1840 3651 1879 3685 ¹⁶
1910 3651 2203 3718 proedictue]
2239 3667 2349 3714 rex,
2372 3649 2468 3704 ins.
2496 3654 2558 3705 O.

678 3729 783 3781 said
803 3739 858 3782 to
879 3729 1013 3782 have
1044 3733 1171 3783 been
1205 3732 1293 3784 the
1324 3733 1434 3783 first
1465 3732 1592 3797 king
1623 3732 1684 3783 of
1839 3729 1879 3770 ¹⁷
1907 3732 2110 3798 postea]
2151 3731 2296 3794 forte,
2321 3732 2386 3784 Ο.

676 3808 911 3876 England
943 3809 1060 3862 who
1097 3811 1254 3876 spoke
1292 3810 1352 3863 of
1385 3811 1596 3863 himself
1619 3809 1674 3860 in
1838 3809 1878 3844 ¹⁸
1912 3809 2038 3879 qua]
2076 3809 2259 3877 aliqua,
2283 3812 2347 3862 Ο.

677 3888 759 3939 the
781 3890 945 3954 plural
967 3892 1197 3943 number.
1251 3890 1533 3956 Brompton
1554 3887 1675 3940 here
1839 3889 1878 3924 ¹⁹
1914 3887 2012 3956 vel]
2053 3900 2102 3943 et
2123 3893 2204 3953 ad,
2228 3887 2292 3942 Ο.

675 3967 864 4020 follows
885 3969 1152 4021 Hovedem
1837 3970 1881 4003 ²⁰
1914 3969 2106 4035 siquid]
2146 3977 2333 4020 terram
2354 3983 2522 4034 quam,
2544 3968 2607 4021 Ο.

738 4045 761 4078 ³
792 4049 906 4114 rex]
944 4048 1174 4114 Angliae,
1194 4047 1291 4099 ins.
1316 4047 1380 4100 Ο.
1404 4039 1470 4098 Η.
1839 4048 1879 4081 ⁹¹
1906 4043 2173 4114 proedicto]
2213 4046 2522 4113 praescripto,
2546 4047 2607 4098 Ο.

739 4125 761 4157 ⁴
793 4127 1002 4193 scilicet]
1042 4126 1296 4189 videlieet,
1318 4125 1382 4178 O.
1405 4123 1474 4177 H.
1837 4125 1880 4160 22
1913 4125 2192 4191 donaverit]
2231 4123 2453 4187 donavit,
2478 4123 2540 4176 O.

741 4204 762 4236 ⁵
794 4204 937 4271 nihi]
978 4206 1142 4268 nobis,
1165 4206 1226 4258 Ο.
1250 4205 1321 4257 Η.
1838 4201 1882 4237 ²⁸
1914 4212 2073 4254 ratum
2097 4240 2110 4255 .
2146 4240 2159 4255 .
2195 4240 2209 4255 .
2245 4199 2484 4270 volumus]
2522 4203 2577 4253 in
2600 4205 2775 4255 eadem

741 4282 764 4314 ⁶
795 4284 948 4351 quod]
987 4285 1243 4351 quicquid,
1267 4285 1332 4337 Ο.
1773 4283 2003 4336 libertate
2025 4299 2125 4350 qua
2144 4279 2309 4348 ipsam
2343 4282 2390 4334 ei
2420 4283 2575 4345 dedit,
2607 4281 2775 4348 ipsum

741 4361 764 4399 ⁷
796 4361 1041 4430 debuerit]
1083 4364 1270 4427 debuit,
1293 4365 1355 4417 Ο.
1379 4365 1449 4416 H.
1774 4370 1826 4416 et
1846 4361 2069 4415 haeredes
2101 4378 2219 4414 suos
2251 4369 2492 4428 perpetuo
2520 4362 2774 4428 possidere

741 4439 764 4471 ⁸
780 4443 1060 4510 faciemus]
1097 4443 1358 4506 faciamus,
1382 4445 1441 4496 Ο.
1466 4444 1533 4496 H.
1772 4443 2022 4493 volumus.
2058 4442 2118 4493 Ο.

741 4519 764 4551 ⁹
787 4523 838 4570 in
858 4522 1126 4589 conductu]
1164 4525 1226 4574 de
1248 4525 1498 4574 conductu
1519 4524 1590 4585 in,
1614 4523 1676 4575 O.
1840 4519 1881 4554 ²⁴
1915 4519 2083 4587 eliam]
2122 4522 2187 4581 ei,
2208 4521 2306 4571 ins.
2330 4517 2394 4572 Ο.

743 4597 783 4630 ¹⁰
801 4601 937 4663 fines
956 4601 1086 4667 sive]
1124 4617 1222 4652 om.
1248 4602 1312 4654 Ο.
1841 4601 1883 4634 ²⁵
1917 4601 2137 4667 suorum]
2176 4615 2301 4666 quas
2335 4605 2475 4666 pater
2496 4601 2666 4652 noster
2696 4615 2774 4652 re-

743 4676 780 4713 ¹¹
797 4681 940 4746 suit]
977 4680 1180 4745 injuste,
1203 4681 1266 4733 Ο.
1775 4688 1990 4747 ceperat,
2013 4682 2076 4732 Ο.

744 4757 783 4791 ¹²
815 4757 996 4824 absque
1003 4759 1223 4826 judicio]
1264 4775 1361 4810 om.
1390 4758 1453 4810 Ο.
1841 4761 1884 4794 2⁶
1917 4759 2159 4826 dominus]
2200 4776 2298 4810 om.
2324 4761 2385 4810 Ο.

749 4837 789 4870 ¹³
822 4835 992 4904 habet]
1031 4839 1252 4900 haberet,
1277 4840 1339 4889 O.
1365 4839 1432 4888 H.
1842 4840 1884 4879 2⁷
1917 4837 2094 4905 aliquae
2117 4839 2257 4906 αιῑω]
2295 4857 2422 4905 quae,
2444 4840 2506 4893 o.

744 4916 784 4949 ¹⁴
807 4916 1139 4984 plenitudine]
1179 4920 1558 4981 consuetudine,
1580 4921 1642 4970 Ο.
