3585 5863
834 848 923 917 64
1651 861 1867 915 essu
1910 863 2114 915 ssors

531 1038 775 1090 «AD-11⁸⁸·
833 1035 1142 1126 praesenti
1217 1037 1476 1105 litteras
1551 1037 1917 1107 Clementis
1989 1060 2180 1127 papae
2253 1035 2594 1104 habuisset
2665 1037 2736 1103 in
2814 1038 2939 1104 hae

831 1140 1054 1207 forma.

1198 1389 1201 1393 .
1310 1356 1644 1428 “Epietoza
1677 1354 1899 1413 domm·
1934 1354 2234 1412 clematis
2263 1372 2454 1428 W.

530 1515 644 1562 ΑΔ).
659 1520 776 1564 1188.
906 1508 947 1534 ‘⁸
986 1506 1259 1565 Clemens
1283 1508 1611 1580 episcopus,
1640 1525 1848 1564 servus
1884 1524 2191 1564 servorum
2212 1506 2346 1573 Dei,
2364 1505 2798 1563 venerabilibus
2823 1504 2937 1562 fra-
2960 1519 3203 1571 nereum.

498 1567 749 1675 mgmffnsso’
834 1591 872 1618 “
908 1591 1102 1648 tribus
1139 1591 1179 1647 J
1180 1593 1405 1648 ocelino
1442 1592 1807 1659 Glascoensi,
1835 1596 1896 1647 et
1916 1591 2201 1648 Matthaeo
2222 1590 2574 1655 Abredensi,
2602 1595 2663 1647 et
2684 1589 2937 1646 Ricardo
2958 1575 3049 1618 ω·
3064 1583 3107 1616 ⁸·
3122 1577 3193 1624 ⁸⁰·

500 1681 593 1725 111.
609 1683 768 1727 orders
837 1675 878 1703 “
913 1674 1234 1732 Morefensi
1258 1677 1569 1749 episcopis,
1590 1681 1655 1732 et
1675 1675 1909 1732 dilectis
1933 1675 2076 1731 filiis
2088 1675 2345 1732 Arnulfo
2367 1674 2704 1741 de'Melros,
2726 1681 2789 1731 et
2811 1675 2938 1731 Hu-

496 1731 785 1837 3333&ae
836 1760 876 1786 ⁴⁶
914 1760 1057 1831 goni
1079 1758 1153 1815 ‹10
1174 1759 1486 1827 Nauboeel,
1514 1767 1576 1816 et
1597 1759 1671 1815 de
1698 1759 1914 1816 Sancta
1932 1758 2143 1826 cruce,
2163 1757 2237 1814 <10
2262 1758 2546 1815 sffivelin
2568 1763 2630 1815 et
2650 1758 2725 1814 do
2750 1758 2941 1816 Souna

497 1833 736 1929 Abg‘fioess
837 1844 876 1870 “
914 1843 1242 1908 abbatibus,
1271 1844 1523 1900 salutem
1545 1849 1608 1901 et
1629 1842 2011 1916 apostolicam
2032 1842 2519 1899 benedictionem.
2590 1841 2689 1898 Ad
2711 1860 2782 1898 ea
2806 1862 2938 1915 quae

495 1894 610 1996 auro·
625 1897 784 1998 13⁸5:
836 1929 875 1955 “
912 1926 1241 1999 respiciunt
1259 1928 1644 1993 honestatem,
1672 1933 1736 1983 et
1758 1927 2009 1982 salutem
2030 1927 2271 1998 pariunt
2293 1927 2640 1993 animarum,
2668 1929 2938 1999 quamvis

498 2011 593 2056 and
607 2013 692 2058 the
835 2013 876 2039 ‘⁶
914 2011 1135 2084 absque
1158 2012 1396 2069 monitis
1421 2012 1726 2077 intendere
1750 2011 2032 2077 debeatis,
2061 2014 2122 2065 et
2143 2009 2489 2081 diligentem
2514 2027 2744 2082 operam
2767 2011 2942 2083 juxta

496 2064 731 2166 ffrmf
837 2097 876 2123 “
913 2096 1100 2152 vestri
1134 2096 1308 2153 officii
1345 2095 1609 2151 debitum
1645 2112 1750 2151 vos
1783 2093 2092 2151 credamus
2116 2094 2417 2162 tribuere;
2457 2100 2717 2151 vestram
2740 2102 2941 2153 tamen

499 2165 775 2259 figwmfflffi
836 2181 876 2229 ‘.‘
914 2179 1284 2251 diligentiam
1307 2180 1383 2235 ad
1403 2177 1689 2250 majorem
1705 2178 1770 2235 in
1785 2179 1882 2235 his
1907 2177 2369 2235 sollicitudinem
2386 2177 2768 2234 exhibendam
2785 2179 2941 2235 litte-

499 2215 809 2312 stiffmo‘knd
837 2265 876 2291 ‘⁴
912 2264 998 2319 ris
1022 2261 1359 2334 apostolicis
1377 2262 1652 2319 duximus
1670 2259 2114 2328 exhortandum,
2136 2266 2208 2318 ut
2223 2260 2449 2318 eisdem
2466 2262 2740 2334 operibus
2763 2262 2942 2319 laude

497 2316 797 2411 ῗοοῖῧξᾙῃεο
836 2348 876 2375 “
914 2346 1113 2418 dignis
1147 2352 1312 2404 tanto
1349 2347 1675 2404 ferventius
1712 2346 2003 2403 insistatis
2040 2351 2261 2418 quanto
2294 2345 2464 2403 vobis
2503 2346 2800 2404 salubrius
2826 2346 2943 2402 erit

497 2417 777 2513 ggffisstdlfsse
837 2434 875 2460 “
914 2432 976 2486 in
1011 2430 1157 2503 ipsis
1194 2430 1269 2487 ad
1292 2430 1757 2487 exhortationem
1780 2430 2164 2504 apostolicam
2188 2430 2541 2487 exactiorem
2565 2430 2939 2501 diligentiam

499 2518 597 2562 him
615 2522 665 2562 to
681 2518 740 2562 be
837 2518 875 2544 ‘⁶
913 2515 1209 2571 adhibere.
1282 2514 1530 2571 Constat
1551 2514 1754 2586 itaque
1779 2514 2069 2586 quosdam
2094 2513 2480 2570 ecelesiarum
2504 2514 2779 2586 praelatos
2803 2532 2940 2571 cum

499 2569 795 2674 {ffinfiffi‘ssp
837 2599 876 2626 ‘⁶
915 2598 992 2654 iis
1029 2598 1133 2671 qui
1169 2597 1550 2655 scandalizati
1586 2598 1846 2662 fuerunt,
1876 2596 2092 2653 debere
2130 2597 2260 2668 pati
2287 2598 2460 2668 juxta
2495 2616 2764 2654 normam
2805 2616 2941 2672 apo-

498 2669 641 2715 ³⁰¹¹¹²·
837 2684 876 2711 ‘⁶
915 2682 1201 2749 stolicam,
1228 2681 1543 2748 ustionem,
1572 2687 1635 2738 et
1668 2699 1807 2737 cum
1836 2680 2272 2737 infirmantibus
2295 2681 2604 2737 infirmari.
2681 2681 2941 2752 Quantas

837 2767 878 2794 “
914 2783 1055 2821 vero
1087 2766 1527 2839 persecutiones
1550 2765 1646 2821 his
1669 2764 2038 2837 temporibus
2074 2764 2425 2821 sustinuerit
2457 2766 2714 2823 ecclesia
2738 2765 2941 2824 Sancti

839 2851 878 2877 ‘⁸
914 2848 1187 2917 Andreae,
1229 2856 1479 2922 quantas
1517 2848 1883 2905 calamitates
1920 2847 2242 2905 incurrerit
2288 2855 2349 2906 et
2396 2867 2724 2922 pressuram
2764 2868 2941 2922 quam

836 2935 877 2962 ‘⁶
914 2933 1094 2990 etiam
1130 2934 1393 3006 graviter
1427 2935 1712 2989 hactenus
1746 2933 1932 2994 fuerit
1965 2933 2312 3005 perturbata
2344 2935 2456 2990 sub
2480 2934 2722 2991 umbra¹
2747 2935 2942 3008 indig-

836 3019 877 3045 “
914 3018 1167 3075 nationis
1216 3018 1401 3090 regiae
1437 3015 1806 3074 celsitudinis
1844 3021 1904 3072 et
1944 3021 2254 3088 quassata3
2292 3017 2537 3089 insuper
2582 3018 2939 3076 venerabilis

838 3102 877 3130 “
915 3102 1100 3157 frater
1147 3106 1351 3157 noster
1405 3100 1445 3156 J
1447 3101 1704 3156 ohannes
1754 3100 2066 3173 episcopus
2120 3100 2324 3158 Sancti
2373 3099 2645 3168 Andreoe,
2703 3107 2849 3175 quot
2882 3109 2943 3158 et

837 3186 878 3214 ‘⁸
918 3193 1137 3258 quanta
1168 3185 1436 3258 pericula
1470 3184 1819 3241 sustinuerit
1841 3192 1903 3240 et
1935 3184 2187 3249 labores,
2213 3203 2320 3256 pro
2346 3185 2634 3242 servanda
2664 3186 2939 3244 libertate

838 3272 879 3298 ‘⁸
919 3269 1186 3326 ecclesiae
1224 3269 1340 3326 sibi
1375 3268 1723 3334 commissae,
1763 3273 1825 3324 et
1860 3270 1917 3324 ei
1953 3286 1989 3324 a
2020 3269 2192 3326 nobis
2243 3273 2305 3325 et
2342 3270 2571 3327 duobus
2619 3270 2941 3342 proedeces-

839 3355 879 3382 “
918 3352 1151 3411 soribus
1187 3351 1405 3411 nostris
1441 3352 1816 3418 confirmatae‚
1857 3371 1994 3409 cum
2029 3370 2101 3408 ea
2136 3353 2333 3409 omnia
2382 3353 2503 3411 sint
2535 3354 2706 3411 vobis
2755 3353 2940 3411 mani-

838 3439 878 3466 “
917 3439 1086 3504 festa,
1124 3437 1232 3494 illa
1284 3436 1502 3493 vestris
1562 3436 1802 3493 auribus
1856 3436 2153 3493 inculcare
2207 3455 2636 3509 supervacuum
2682 3438 2936 3497 videtur.

839 3524 878 3550 “
915 3521 1091 3579 Nunc
1126 3521 1317 3594 igitur
1352 3520 1631 3593 quoniam
1665 3520 1992 3591 plurimum
2039 3519 2314 3592 expedire
2361 3520 2688 3578 dinoscitur
2746 3531 2816 3580 ut
2864 3523 2939 3580 de

839 3608 878 3633 ‘⁸
917 3606 1108 3663 salute
1140 3606 1312 3678 regia
1346 3612 1408 3661 et
1441 3609 1601 3661 statu
1633 3604 1994 3677 proescriptae
2030 3604 2294 3660 ecolesiae
2328 3604 2719 3671 reformando,
2763 3613 2938 3679 atque

840 3692 880 3717 ‘⁸
917 3707 1063 3763 pace
1100 3689 1217 3761 ipsi
1256 3688 1530 3761 episcopo
1583 3687 1954 3751 conferenda,
1992 3704 2100 3743 nos
2155 3687 2428 3744 convenit
2479 3688 2939 3748 sollicitudinem

839 3777 880 3804 ‘⁶
920 3791 1129 3847 gerere
1181 3778 1623 3844 congruentem,
1661 3776 1724 3827 et
1776 3772 2365 3844 circumspectionem
2412 3778 2671 3830 vestu-am
2707 3774 2784 3830 ad
2816 3793 2940 3831 cor-

840 3861 880 3888 “
920 3856 1311 3915 roborandum
1332 3856 1502 3913 nobis
1525 3855 1803 3912 idoneum
1823 3862 2168 3927 reputamus
2188 3877 2204 3923 ς
2233 3855 2578 3913 discretioni
2597 3865 2813 3915 vestroe
2834 3877 2941 3932 per

842 3945 882 3972 ‘⁶
921 3941 1244 4016 apostolica
1296 3939 1517 4012 scripta
1563 3938 1910 3994 mandamus
1969 3943 2146 4010 atque
2201 3939 2598 4012 praecipimus,
2656 3947 2940 4014 quatenus

844 4028 885 4055 “
921 4032 1058 4099 post
1114 4022 1544 4096 susceptionem
1589 4022 1925 4079 litterarum
1987 4030 2340 4090 nostrarum,
2399 4025 2810 4096 convenientes
2879 4026 2941 4082 in

844 4111 885 4141 ‘⁸
920 4128 1124 4175 unum,
1164 4108 1321 4165 sicut
1354 4106 1524 4164 decet
1555 4107 1716 4164 viros
1752 4105 2030 4180 providos
2067 4111 2127 4163 et
2160 4106 2465 4174 discretos,
2504 4110 2800 4167 carissimi
2833 4109 2941 4166 filii

843 4195 884 4223 ⁸⁸
920 4193 1107 4250 nostri
1139 4190 1429 4249 willelmi
1463 4190 1719 4247 illustris
1754 4190 1918 4263 regis
1957 4188 2173 4246 Scotioe
2206 4192 2583 4261 praesentiam
2613 4192 2856 4260 adeatis,
2882 4198 2944 4249 et

845 4278 886 4305 “
924 4294 1058 4337 eum
1114 4274 1401 4331 moneatis
1456 4273 1822 4345 diligentius,
1877 4277 1938 4330 et
1984 4273 2303 4331 instantius
2356 4273 2671 4342 inducatis,
2710 4282 2780 4332 ut
2822 4277 2944 4349 epi-

845 4362 886 4390 “
925 4378 1100 4433 scopo
1135 4363 1459 4415 memorato
1491 4376 1799 4415 rancorem
1833 4356 2255 4429 indignationis
2292 4376 2414 4414 suae
2463 4360 2747 4426 remittat,
2785 4366 2848 4416 et
2878 4361 2943 4417 in

844 4447 885 4474 “
921 4444 1033 4501 hoc
1091 4443 1421 4499 Romanam
1476 4442 1808 4509 ecclesiam,
1848 4458 1983 4514 quae
2017 4442 2319 4499 serenitati
2364 4442 2550 4515 regioe
2592 4444 2721 4515 jam
2765 4444 2943 4515 longo

843 4531 885 4558 “
921 4534 1185 4602 tempore
1221 4526 1454 4595 detulit,
1481 4544 1598 4584 non
1633 4530 1999 4594 contemnat;
2040 4525 2145 4583 sed
2180 4526 2310 4599 ejus
2346 4532 2410 4583 et
2441 4527 2658 4586 vestris
2681 4528 2937 4596 monitis,

1393 4678 1684 4687 -----
1699 4678 1863 4686 ----

2050 4679 2203 4688 ..-.--
2224 4679 2320 4687 ——.-
2346 4680 2425 4689 -Π
2448 4681 2515 4689 -—
2534 4680 2925 4689 --——--——-—-——————-—

1654 4779 1671 4813 ¹
1705 4779 1904 4848 umbra]
1940 4795 2041 4835 om.
2064 4782 2129 4835 B.
