3585 5863
892 898 984 964 66
1703 912 1919 964 essu
1964 912 2168 964 neers

558 1103 705 1212 ogig.
713 1104 838 1211 389.
890 1087 1339 1155 cancellariam
1413 1108 1599 1154 suam
1675 1087 1950 1176 Hugonj
2039 1091 2122 1156 de
2203 1089 2637 1177 Rokesburga
2655 1088 2675 1126 1
2760 1090 2989 1158 clerieo
3110 1106 3117 1113 .
3157 1108 3166 1125 ,

560 1218 793 1262 scomma
892 1213 1025 1258 suo.

558 1307 840 1405 Sffi‘ffi
985 1295 1009 1332 ει
1022 1290 1300 1358 Interim
1329 1292 1724 1360 adveniente
1746 1291 2148 1370 Pentecoste,
2171 1293 2515 1382 Philippus
2537 1316 2657 1361 rex
2676 1293 2991 1373 Franoiae,
3016 1303 3257 1406 ξῃσξίᾱξῗζ

560 1409 770 1453 Borma-d
895 1402 964 1463 et
994 1396 1323 1463 Henricus
1366 1419 1488 1462 rex
1516 1395 1799 1484 Angliae,
1847 1401 1916 1461 et
1960 1396 2286 1461 Ricardus
2313 1418 2527 1463 comes
2558 1396 2991 1476 Pictavensis,
3016 1405 3219 1450 ώσω·

559 1459 768 1504 between
3016 1472 3083 1516 M.
3101 1472 3249 1527 Paris,

559 1510 737 1614 RQ,
754 1561 850 1605 and
894 1505 965 1567 et
1012 1500 1349 1568 «Iohannes
1395 1502 1477 1566 de
1521 1500 1832 1588 Anagnio
1877 1499 2247 1579 cardinalis
2293 1505 2363 1566 et
2408 1500 2877 1589 archiepiscopi
2923 1507 2991 1567 et
3016 1526 3108 1574 149,
3126 1527 3193 1569 an.

561 1610 874 1706 {ggffit-
897 1604 1182 1692 episcopi
1225 1610 1296 1670 et
1338 1603 1611 1670 comites
1657 1608 1727 1668 et
1779 1603 2057 1668 barones
2103 1603 2186 1668 de
2214 1624 2416 1690 regno
2448 1603 2762 1686 Franciae,
2794 1610 2864 1670 et
2907 1626 2992 1670 ex

562 1674 802 1816 ῗῖἦιῖξᾱέ).
895 1712 1084 1794 parte
1141 1708 1314 1795 regis
1378 1706 1643 1795 Angliae
1687 1704 2022 1773 Walterus
2089 1705 2593 1793 Rotomagensis
2678 1708 2992 1796 archiepi-

895 1832 1145 1897 scopus,
1189 1815 1259 1876 et
1302 1810 1588 1897 episcopi
1630 1809 1702 1876 N
1702 1811 2064 1876 ormanniae
2109 1814 2179 1875 et
2217 1809 2628 1897 Andegaviae
2673 1815 2743 1876 et
2785 1809 2990 1877 Ceno·

896 1914 1200 1990 manniae,
1230 1919 1300 1980 et
1342 1912 1768 1979 Baldewinus
1801 1912 2292 1978 Cantuariensis
2340 1911 2875 2001 archiepiscopus,
2921 1919 2992 1979 et

896 2016 1098 2103 Hugo
1160 2014 1635 2082 Lincolniensis
1699 2014 2053 2102 episcopum,
2115 2018 2186 2080 et
2262 2014 2619 2080 Gauffidus
2696 2016 2978 2082 Eliensis

896 2119 1251 2207 episcopus,
1310 2124 1378 2185 et
1409 2117 1809 2184 Gillebertus
1873 2115 2179 2184 Rofensis
2240 2122 2309 2184 et
2373 2117 2580 2207 Hugo
2623 2118 2986 2185 Cestrensis

897 2223 1199 2310 episcopi,
1228 2226 1299 2288 et
1342 2221 1542 2286 multi
1586 2219 1859 2289 comites
1910 2225 1980 2286 et
2023 2221 2300 2287 barones
2347 2220 2428 2287 de
2480 2243 2684 2309 regno
2728 2222 2990 2310 Angliae

896 2330 967 2390 et
1011 2325 1094 2390 de
1153 2324 1566 2390 Normannia
1623 2327 2074 2390 convenerunt
2134 2323 2209 2389 in
2274 2324 2689 2391 hebdomada
2755 2324 2993 2391 Pente-

898 2433 1106 2493 costes
1154 2427 1360 2514 juxta
1405 2427 1770 2494 Feritatem
1815 2426 2155 2505 Bernardi,
2203 2426 2291 2491 ad
2334 2448 2563 2515 pacem
2622 2428 2992 2494 faciendam

561 2548 726 2643 331(ss
735 2548 825 2643 {1⁶1}
896 2528 1074 2598 inter
1117 2530 1465 2619 praedictos
1508 2551 1706 2618 reges.
1830 2528 1916 2593 In
1980 2549 2110 2615 quo
2170 2528 2490 2617 colloquio
2536 2551 2656 2595 rex:
2702 2530 2997 2596 Franciae

563 2700 672 2744 om
688 2650 847 2744 01:3³?
896 2633 1095 2722 petiit
1160 2630 1454 2699 Alesiam
1528 2653 1815 2698 sororem
1891 2652 2096 2710 suam,
2155 2653 2355 2717 quam
2416 2653 2536 2698 rex
2591 2632 2857 2719 Angliae
2923 2633 2998 2697 in

562 2762 615 2843 ,⁸3
631 2762 864 2846 ffgoemffi
898 2736 1197 2804 custodia
1261 2735 1514 2812 habuit,
1580 2734 1811 2800 donari
1869 2732 2152 2799 Ricardo
2210 2733 2435 2800 comiti
2481 2734 2859 2800 Pietavensi
2921 2734 2996 2799 in

566 2850 747 2903 Rugum
897 2860 1213 2917 uxorem;
1282 2841 1354 2903 et
1418 2837 1710 2922 aliquam
1744 2836 2191 2903 'securitatem
2251 2836 2381 2902 sibi
2432 2836 2576 2903 fieri
2645 2836 2727 2902 de
2793 2857 2996 2924 regno

898 2940 1165 3028 Angliae
1208 2939 1512 3006 habendo
1556 2944 1706 3026 post
1749 2939 2085 3005 decessum
2129 2941 2338 3027 patris
2391 2941 2539 3006 sui:
2607 2947 2675 3007 et
2735 2946 2818 3007 ut
2876 2941 2999 3007 Jo-

896 3044 1148 3110 hannes
1221 3039 1428 3108 frater
1499 3041 1680 3106 illius
1764 3063 2018 3108 crucem
2101 3041 2461 3131 susciperet
2533 3042 2582 3109 J
2583 3043 2995 3110 erosolimam

899 3148 1132 3213 iturus

567 3259 774 3322 menard
789 3261 857 3305 in-
991 3247 1083 3313 Et
1156 3245 1279 3312 hoc
1341 3246 1519 3312 idem
1591 3247 1867 3334 petebat
1941 3268 2151 3314 comes
2229 3247 2550 3313 Ricardus
2624 3248 2770 3314 fieri
2836 3248 2994 3329 sibi;

565 3323 694 3406 3131111
710 3311 831 3406 ξῖῗῖὓ
902 3350 1162 3418 dicebat
1206 3349 1384 3415 enim
1429 3350 1607 3437 quod
1654 3350 1795 3437 ipse
1855 3350 2040 3416 nullo
2084 3349 2280 3416 modo
2323 3350 2789 3416 Jerosolimam
2851 3352 2999 3430 iret,

569 3425 801 3555 organo?
901 3454 1032 3520 nisi
1076 3454 1124 3520 J
1128 3439 1418 3521 oh'annes
1462 3454 1665 3520 frater
1710 3474 1868 3520 suus
1914 3475 2063 3519 cum
2111 3473 2188 3517 eo
2247 3453 2559 3519 venisset.
2682 3454 2775 3519 Et
2842 3452 2999 3540 quia

567 3564 708 3609 mm·
900 3580 1024 3624 rex
1052 3557 1326 3645 Angliae'
1357 3556 1477 3623 has
1521 3555 1879 3643 petitiones
1923 3556 2093 3642 regis
2124 3555 2424 3623 Franciae
2469 3561 2538 3624 et
2581 3556 2840 3623 comitis
2882 3556 3000 3622 Ri-

902 3661 1084 3727 cardi
1126 3661 1338 3726 facere
1380 3659 1667 3738 nolebat,
1713 3659 2039 3725 discordes
2082 3658 2167 3723 ab
2212 3657 2502 3725 invicem
2549 3659 2997 3727 discesserunt.

569 3785 698 3831 John
714 3786 768 3830 01·
991 3763 1078 3828 In
1120 3762 1350 3829 eodem
1395 3761 1718 3848 colloquio
1760 3759 2102 3826 «Iohannes
2169 3758 2251 3825 de
2293 3761 2605 3849 Anagnio
2651 3762 2998 3829 cardinalis
3026 3779 3283 3838 nonam,

568 3837 880 3933 masan
902 3865 1251 3943 asserebat,
1301 3863 1476 3950 quod
1521 3863 1652 3928 nisi
1715 3884 1836 3928 rex
1882 3862 2180 3928 Franciae
2226 3883 2375 3928 cum
2432 3885 2584 3952 rege
2628 3865 2999 3952 Anglorum
3024 3834 3243 3929 Ξιὲι-ἷὲῗ

570 3937 805 3983 mmm
902 3968 991 4035 ad
1011 3968 1281 4056 plenum
1309 3969 1744 4054 componeret,
1767 3968 1982 4031 totam
2011 3969 2259 4031 terram
2288 3987 2473 4033 suam
2503 3969 2854 4035 sententiae
2884 3991 2999 4035 ex·
3024 3944 3257 4049 &ffb

902 4069 1510 4139 communicationis
1539 4067 1922 4153 subjaceret.
2015 4067 2142 4134 Cui
2169 4089 2291 4134 rex
2310 4068 2611 4138 Franciae
2639 4071 3001 4161 respondit,

905 4173 1082 4263 quod
1125 4173 1525 4240 sententiam
1571 4194 1760 4238 suam
1805 4192 1940 4237 non
2002 4171 2272 4238 timeret
2336 4193 2457 4238 nec
2522 4178 2801 4253 teneret,
2848 4197 2998 4242 cum

902 4277 1092 4343 nulla
1135 4277 1452 4362 aequitate
1482 4276 1824 4343 niteretur.
1915 4274 2201 4341 Dicebat
2231 4275 2405 4341 enim
2449 4277 2626 4362 quod
2669 4299 2806 4344 non
2849 4301 2997 4367 per-

971 4472 990 4504 ¹
1025 4472 1154 4524 This
1184 4468 1347 4537 Hugh
1386 4470 1449 4521 of
1476 4471 1768 4535 Roxburgh
1801 4485 1906 4520 was
1998 4468 2114 4520 who
2133 4467 2177 4519 is
2207 4468 2442 4520 followed
2473 4470 2541 4534 by
2562 4469 2810 4523 Matthew
2840 4471 3007 4537 Paris,

907 4555 1099 4605 elected
1139 4560 1195 4603 to
1237 4552 1325 4602 the
1363 4566 1446 4602 see
1481 4550 1541 4601 of
1578 4551 1820 4615 Glasgow
1853 4548 1907 4599 in
1998 4551 2174 4618 begins
2194 4557 2248 4602 to
2267 4552 2407 4603 draw
2437 4551 2568 4602 from
2601 4568 2696 4604 our
2717 4554 3006 4608 Chroniele.

910 4638 933 4683 1
947 4638 1057 4695 199,
1079 4632 1182 4681 and
1203 4630 1321 4681 died
1340 4630 1428 4681 the
1460 4645 1596 4681 same
1617 4643 1754 4694 year,
1777 4627 1908 4694 July
2001 4630 2301 4683 Occasional
2324 4631 2604 4684 references
2625 4633 2731 4683 will
2752 4635 2816 4684 be
2835 4634 3005 4687 found

910 4718 957 4763 6.
1031 4711 1212 4763 Chr-on.
1235 4708 1415 4760 Mailr.
1998 4710 2055 4761 in
2096 4711 2185 4761 the
2238 4711 2440 4776 margin
2484 4718 2538 4762 to
2581 4713 2668 4764 the
2711 4713 2903 4767 edition
2950 4714 3021 4766 of

972 4787 1183 4859 ‘²⁸me
1234 4788 1339 4841 this
1381 4787 1527 4854 point
1573 4801 1633 4840 or
1672 4803 1724 4846 ,a
1775 4785 1909 4836 Httle
1998 4787 2073 4842 M.
2096 4789 2513 4857 Parisbywass,
2541 4797 2683 4845 1640.

907 4868 1084 4923 earlier
1107 4873 1181 4937 (p.
1205 4869 1316 4935 60),
1336 4868 1511 4934 Roget
1530 4868 1593 4920 of
1604 4868 1908 4928 wendover,
2234 4869 2241 4876 ‘
