3585 5863
273 4401 357 4501 a?

345 4405 458 4504 z

1505 907 1812 957 morium.
2568 890 2680 963 17]

599 1082 828 1147 nolens
849 1083 992 1169 juri
1021 1085 1212 1160 stare,
1238 1082 1600 1150 declinavit
1629 1107 1671 1148 a
1691 1082 1908 1160 turba,
1928 1082 2144 1148 exivit
2173 1083 2365 1162 foras,
2390 1083 2697 1149 omnibus
2756 1100 2997 1199 Ἢῃιέοι.

601 1184 1041 1251 clamantibus
1086 1191 1235 1272 post
1275 1186 1463 1251 illum
1495 1191 1564 1252 et
1610 1186 2001 1265 dicentibus,
2030 1194 2063 1220 “
2086 1186 2393 1251 Proditor
2423 1190 2520 1252 est
2566 1186 2695 1266 ille,
2723 1216 2881 1260 Jealou
2924 1187 2936 1199 “

2955 1219 3007 1262 of

602 1296 641 1324 “
686 1288 801 1375 qui
836 1288 977 1375 juri
1021 1293 1197 1355 stare
1241 1288 1552 1355 recusat.'’
1661 1287 1879 1356 Nemo
1906 1296 2135 1355 tamen
2178 1290 2364 1355 misit
2393 1291 2466 1354 in
2508 1288 2699 1354 illum
2722 1231 3033 1373 ffffii'ssfffmd

518 1413 576 1460 κν.
599 1413 834 1457 manus
877 1412 961 1457 ne
999 1392 1171 1458 forte
1201 1392 1532 1458 tumultus
1574 1393 1764 1458 fieret
1808 1392 1879 1457 in
1923 1392 2184 1480 popuIO.
2277 1391 2429 1479 Ipse
2474 1395 2699 1458 autem

600 1496 852 1582 Tyrum
926 1494 1111 1561 abiit.
1223 1496 1369 1561 Rex
1437 1495 1702 1584 Angliae
1764 1500 2024 1582 partem
2085 1494 2260 1583 regis
2329 1494 2698 1561 Jerusalem

596 1599 884 1676 fovebat,
928 1607 996 1664 et
1041 1619 1162 1664 rex
1192 1597 1489 1664 Franciae
1518 1603 1775 1686 partem
1807 1598 2096 1663 Conradi
2140 1597 2450 1680 fovebat3
2494 1599 2696 1664 immo

578 1703 778 1770 ‚inter
820 1721 928 1769 eos
975 1703 1213 1789 saepius
1257 1701 1641 1767 oriebantur
1683 1701 1852 1767 rixae
1898 1708 1967 1767 et
2010 1702 2484 1769 contentiones,

691 1807 850 1872 Post
908 1805 1196 1871 multum
1240 1826 1399 1871 vero
1457 1805 1791 1892 temporis,
1836 1823 1959 1870 rex
2004 1804 2303 1872 Francius
2348 1806 2533 1871 misit
2577 1823 2698 1894 pro
2723 1819 3035 1915 gffltffiffl

602 1909 922 1988 Conrado,
954 1909 1071 1995 qui
1113 1909 1200 1973 ad
1244 1930 1395 1973 eum
1421 1908 1708 1986 venienS,
1743 1907 2093 1973 constituit
2137 1929 2290 1973 eum
2336 1908 2466 1974 sibi
2509 1907 2699 1973 fami-
2722 1922 2797 1966 his
2814 1923 3008 1968 adviser-

599 2013 830 2078 liarem
877 2018 944 2077 et
989 2011 1452 2090 consiliarium,
1498 2032 1617 2097 per
1659 2007 1846 2096 cujus
1891 2009 2238 2076 consilium
2282 2009 2501 2077 multa
2545 2033 2699 2099 ope-

599 2119 787 2181 ratus
834 2120 953 2192 est,
1004 2115 1181 2179 unde
1230 2113 1508 2179 dedecus
1569 2119 1638 2179 et
1706 2113 2025 2179 damnum
2090 2120 2159 2180 et
2222 2113 2697 2181 detrimentum

601 2219 838 2284 animae
883 2233 1019 2283 suae
1063 2217 1136 2281 in
1182 2217 1413 2281 multis
1456 2235 1802 2304 perpessus
1848 2223 1961 2284 est.

692 2320 777 2385 In
821 2320 1052 2408 primis
1095 2319 1273 2384 enim
1323 2340 1442 2406 per
1501 2319 1847 2385 consilium
1892 2318 2034 2406 ejus
2079 2335 2199 2384 rex
2245 2320 2542 2387 Francius
2587 2341 2698 2408 pe·
2725 2342 2971 2437 Phintssdo-

601 2423 716 2490 tiit
759 2447 800 2488 a
857 2445 1009 2510 rege
1054 2422 1316 2510 Angliae
1385 2422 1808 2487 medietatem
1878 2423 2090 2487 totius
2158 2422 2393 2490 insulae
2441 2424 2699 2510 Gyprae,
2723 2395 3005 2539 giQrffl‘

604 2550 751 2592 cum
812 2527 1166 2592 medietate
1219 2525 1513 2591 omnium
1558 2545 1706 2611 quae
1751 2525 1827 2589 in
1884 2524 2001 2589 illa
2046 2527 2237 2612 cepit,
2284 2545 2369 2590 ex
2414 2548 2697 2592 conven-
2723 2496 3037 2603 ’ῗὲΙᾷἓὴι-Ϊᾱ

602 2634 784 2697 tione
829 2630 1005 2696 facta
1048 2630 1226 2695 inter
1270 2649 1377 2694 eos
1422 2629 1603 2715 apud
1648 2627 2037 2695 Messanam.
2132 2629 2462 2694 Convenit
2522 2630 2698 2695 enim
2724 2621 2948 2716 ξξῖῗζῖᾱθ

602 2737 781 2801 inter
825 2755 951 2814 eOS,
999 2733 1176 2819 quod
1220 2732 1648 2797 dimidiarent
1710 2732 1889 2796 inter
1954 2753 2023 2797 se
2092 2731 2315 2797 omnia
2359 2751 2507 2819 quae
2552 2752 2700 2820 per-
2724 2722 2961 2770 manners.

604 2839 941 2924 quil-erent
1014 2838 1089 2900 in
1131 2840 1312 2900 terra
1354 2833 1401 2899 J
1404 2833 1915 2913 erosolimitana,
1962 2835 2279 2921 quamdiu
2345 2842 2565 2902 essent
2628 2837 2703 2901 in

603 2942 721 3007 illa
787 2939 1328 3027 peregrinatione.
1420 2937 1547 3004 Oui
1599 2938 1958 3025 respondit,
2014 2944 2050 2975 “
2076 2938 2151 3005 Si
2218 2938 2476 3005 dederis
2537 2938 2705 3004 mihi

607 3052 641 3082 “
687 3044 1110 3110 medietatem
1174 3040 1526 3120 Flandriae,
1576 3046 1644 3107 et
1712 3045 2096 3107 caeterorum
2152 3062 2299 3128 quae
2360 3042 2707 3129 adquisisti

605 3156 640 3183 “
686 3152 836 3236 post
878 3151 1160 3212 mortem
1220 3144 1477 3211 comitis
1525 3143 1879 3223 Flandriae,
1929 3150 1997 3211 et
2057 3164 2174 3232 per
2239 3152 2522 3213 mortem
2572 3166 2707 3213 cas-

607 3259 644 3288 “
689 3248 922 3316 tellani
981 3248 1066 3314 de
1123 3248 1366 3313 Sancto
1428 3247 1734 3330 Odmero,
1798 3248 1915 3334 qui
1984 3249 2057 3313 in
2115 3249 2454 3316 obsidione
2514 3249 2707 3317 Aorae

608 3362 642 3391 “
688 3352 935 3420 mortui
1002 3356 1205 3432 sunt3
1264 3355 1336 3416 et
1405 3370 1524 3437 ego
1585 3351 1758 3416 dabo
1820 3351 1948 3416 tibi
2009 3352 2433 3418 medietatem
2499 3352 2707 3418 totius

608 3467 643 3495 ‘⁸
689 3455 1140 3545 acquisitionis
1185 3472 1394 3535 meae3
1451 3454 1608 3518 licet
1654 3454 2013 3521 conventio
2056 3454 2231 3520 facta
2274 3454 2479 3522 fuerit
2529 3456 2709 3523 inter

607 3568 642 3597 “
685 3584 805 3627 nos
864 3559 945 3625 de
1006 3555 1567 3645 adquisitionibus
1633 3556 1876 3622 nostris
1939 3558 2011 3621 in
2074 3563 2255 3623 terra
2298 3558 2345 3623 J
2347 3559 2705 3625 erosolimi-

608 3674 641 3702 “
686 3671 849 3731 tana
893 3662 1354 3730 tantummodo
1378 3660 1436 3726 :’'
1491 3666 1560 3726 et
1606 3660 1698 3725 sic
1743 3661 2065 3726 alterutro
2096 3662 2492 3727 remiserunt
2536 3663 2705 3749 peti-

607 3771 821 3836 tiones
898 3788 1065 3848 suas,
1129 3771 1199 3831 et
1274 3764 1743 3831 conventiones
1808 3764 2031 3850 [quas]
2093 3764 2274 3852 apud
2334 3764 2706 3829 Messanam

605 3874 901 3939 fecerunt
960 3871 1043 3936 de
1087 3867 1646 3955 adquisitionibus
1692 3888 1922 3932 eorum
1981 3868 2056 3931 in
2115 3871 2294 3933 terra
2337 3866 2705 3933 Jerusalem

608 3973 1038 4050 dimittendis,
1081 3972 1327 4037 iterum
1393 3971 1655 4058 scriptis
1701 3977 1769 4035 et
1836 3970 2237 4036 testimoniis
2283 3970 2705 4036 confirmave-

607 4084 805 4144 runt:
870 4080 1377 4161 statueruntque
1443 4073 1845 4160 Templarios
1922 4078 1991 4139 et
2065 4073 2567 4161 Hospitalarios,
2638 4079 2707 4139 et
2731 4102 2827 4147 'nm
2848 4101 3043 4147 division

608 4182 770 4248 alios
812 4181 992 4247 viros
1037 4179 1364 4266 sapientes
1429 4178 1503 4242 in
1549 4177 1788 4264 quibus
1833 4176 2275 4259 confidebant,
2324 4177 2409 4243 ad
2476 4176 2705 4265 recipi·
2730 4155 3045 4249 Zssilsssssffissto

607 4286 852 4353 endum
899 4289 969 4349 et
1013 4281 1495 4348 dimidiandum
1540 4281 1721 4347 inter
1765 4302 1874 4346 eos
1918 4280 2387 4367 acquisitiones
2432 4296 2597 4347 suas.
2730 4256 3031 4351 gffieffmy

697 4388 998 4466 Interim,
1065 4384 1418 4451 Saladinus
1499 4384 1800 4471 princeps
1884 4385 2214 4450 exercitus
2294 4402 2704 4472 paganorum
2731 4398 2917 4493 salx-nn
2973 4464 2978 4469 θ

608 4493 792 4559 misit
835 4491 1212 4577 frequenter
1263 4485 1540 4553 nuncios
1586 4486 1668 4552 ad
1733 4509 1917 4574 reges
1964 4486 2262 4553 Franciae
2307 4492 2379 4553 et
2423 4486 2704 4574 Angliae,
2731 4462 2861 4545 ἕξω
2878 4460 3030 4548 gin„

609 4614 758 4664 cum
828 4594 1013 4682 pyris
1072 4591 1495 4656 Damascenis
1558 4595 1630 4655 et
1690 4589 1838 4655 aliis
1899 4590 2309 4655 diversorum
2370 4588 2707 4686 fructuum
2732 4552 2882 4607 ω’

608 4700 972 4787 generibus,
1003 4700 1072 4761 et
1116 4693 1244 4781 ipsi
1288 4692 1686 4759 remiserunt
1731 4693 1792 4758 ei
1841 4693 1923 4759 de
1964 4693 2206 4779 jocosis
2251 4693 2427 4775 suis3
2468 4694 2709 4762 nihilo-

607 4803 827 4869 minus
872 4821 1056 4887 reges
1100 4798 1424 4865 insultum
1469 4796 1801 4863 faciebant
1844 4797 1917 4862 in
1955 4798 2298 4865 civitatem
2340 4822 2461 4889 per
2489 4801 2708 4869 diver-
