3585 5863
773 872 904 936 134
1597 883 1814 934 orsu
1857 885 2060 935 aucus

473 1065 582 1109 Aa).
598 1065 716 1109 11⁹0.

459 1116 734 1223 mh&
779 1143 818 1169 “
856 1143 984 1197 lum
1018 1147 1286 1198 nostrum
1341 1148 1400 1199 et
1453 1142 1614 1199 cives
1663 1143 1927 1215 praefatae
1962 1142 2129 1199 urbis
2167 1141 2454 1200 seditione
2488 1161 2632 1200 casu
2666 1150 2884 1211 exorta,

438 1232 461 1272 t
495 1239 639 1273 θωυ-
781 1229 820 1254 “
865 1227 1144 1282 damnum
1180 1227 1319 1283 hinc
1355 1227 1492 1282 inde
1530 1227 1780 1297 contigit
1814 1244 2016 1282 rerum
2052 1233 2113 1282 et
2146 1226 2412 1283 virorum
2426 1250 2446 1296 3
2496 1227 2653 1283 unde
2689 1229 2887 1285 visum

439 1278 731 1384 meg-2033&
781 1311 820 1338 “
863 1316 956 1367 est
990 1311 1281 1383 pluribus,
1336 1316 1404 1366 ut
1457 1328 1528 1365 ea
1575 1310 1881 1367 occasione
1934 1310 2196 1366 fraterna
2242 1312 2397 1368 inter
2431 1329 2538 1367 nos
2575 1311 2790 1368 caritas
2828 1317 2890 1368 et

438 1405 682 1458 Propouls
706 1407 759 1450 or
782 1397 820 1423 ‘⁶
859 1394 1099 1451 dilectio
1133 1395 1490 1450 turbaretur.
1582 1393 1937 1450 Ouravimus
1983 1394 2204 1467 itaque,
2243 1400 2313 1450 ut
2347 1395 2592 1451 decebat
2623 1397 2889 1468 peregri-

440 1467 592 1509 ¹³⁰⁸⁰⁰⁹
782 1481 822 1508 ‘⁸
867 1479 1121 1535 nationis
1181 1485 1399 1535 nostrae
1433 1479 1824 1550 propositum,
1881 1484 1945 1535 et
1988 1485 2119 1535 tum
2164 1495 2274 1551 per
2305 1496 2414 1536 nos
2448 1485 2511 1536 et
2544 1479 2794 1536 dilectos
2830 1485 2891 1536 et

782 1565 821 1591 “
863 1562 1068 1619 fideles
1105 1563 1428 1619 familiares
1464 1569 1717 1628 nostros,
1769 1569 1898 1618 tum
1950 1580 2060 1634 per
2092 1564 2461 1620 venerabiles
2497 1564 2887 1637 archiepisco·

782 1651 821 1675 “
861 1666 967 1720 pos
1004 1653 1254 1713 vestros,
1295 1646 1526 1704 scilicet
1561 1645 1884 1702 Ricardum
1931 1646 2439 1720 archiepiscopum
2479 1647 2789 1715 Messanam,
2830 1653 2891 1704 et

783 1734 822 1759 “
861 1731 1232 1788 willelmum
1278 1729 1785 1802 archiepiscopum
1823 1730 1897 1785 de
1931 1729 2135 1786 Monte
2159 1729 2415 1802 Regali‚¹
2455 1736 2516 1786 et
2551 1731 2698 1787 alios
2722 1732 2884 1788 viros

790 1817 829 1842 “
870 1814 1241 1871 venerabiles
1291 1814 1504 1870 missos
1566 1832 1603 1870 a
1650 1814 1836 1869 latere
1891 1819 2110 1881 vestm,
2163 1814 2477 1871 statuimus
2525 1820 2595 1870 ut
2641 1814 2887 1872 illibatae

784 1902 823 1926 “
863 1900 1027 1971 pacis
1064 1900 1219 1955 inter
1253 1917 1362 1955 nos
1399 1897 1620 1954 arctius
1656 1898 1885 1954 foedera
1919 1898 2249 1965 firmentur,
2289 1898 2460 1969 cujus
2496 1899 2747 1954 formam
2781 1898 2887 1954 du-

777 1059 817 1086 “
854 1058 1252 1130 navigationis
1288 1064 1509 1116 nostras
1547 1058 1922 1132 propositum
1957 1057 2273 1115 detinente.
2360 1058 2481 1116 Ubi
2514 1059 2669 1117 inter
2702 1076 2887 1132 POPU·
2910 1063 3167 1163 {gfff

492 1999 553 2043 ro.
571 2002 651 2045 155
664 2005 730 2043 vv.
787 1987 826 2011 “
866 1989 1132 2039 ratur-am
1166 1983 1232 2038 in
1269 2001 1465 2039 aevum
1501 1981 1812 2053 scripturae
1860 1983 2146 2038 memoria
2190 1981 2532 2039 contineret.
2606 1981 2887 2038 Promisi-

444 2064 668 2168 Μ
785 2069 824 2095 “
864 2084 997 2123 mus
1036 2085 1181 2139 ergo
1217 2067 1386 2123 vobis
1425 2073 1486 2122 et
1520 2083 1705 2137 regno
1741 2071 1961 2132 vestre,
2017 2071 2078 2122 et
2110 2066 2222 2123 toti
2260 2072 2436 2123 terrae
2478 2066 2887 2123 dominationis

441 2178 594 2218 poam.
786 2153 825 2179 “
863 2156 1098 2218 vestrae,
1138 2169 1246 2223 per
1281 2168 1387 2206 nos
1426 2156 1487 2206 et
1521 2156 1775 2216 nostros,
1818 2155 1980 2206 terra
2016 2155 2077 2205 et
2111 2150 2262 2206 mari
2296 2168 2502 2222 pacem
2540 2157 2888 2224 perpetuam

786 2238 824 2263 “
861 2253 967 2291 nos
1009 2235 1268 2291 fideliter
1319 2239 1680 2300 servaturos,
1725 2233 1936 2306 sopitis
1976 2234 2245 2291 omnibus
2283 2235 2703 2306 quaestionibus
2742 2254 2888 2306 quas

784 2321 824 2347 ‘⁶
863 2324 994 2375 tum
1044 2318 1118 2374 de
1163 2318 1408 2375 dodario
1446 2318 1664 2374 sororis
1708 2324 1926 2375 nostras
1974 2319 2215 2390 reginae,
2266 2325 2395 2376 tum
2430 2321 2503 2376 de
2538 2320 2717 2376 rebus
2751 2321 2886 2377 aliis

786 2405 825 2431 “
862 2421 971 2476 per
1005 2410 1240 2460 nostros
1276 2403 1449 2460 vobis
1485 2402 1735 2459 nuncios
1772 2403 2126 2460 feceramus.
2201 2403 2334 2460 Hoc
2373 2404 2756 2461 nihilominus
2792 2406 2892 2461 ad-

784 2489 824 2515 “
862 2487 1008 2556 dito,
1049 2489 1207 2559 quod
1245 2486 1536 2560 quamdiu
1567 2487 1632 2543 in
1666 2504 1853 2559 regno
1899 2492 2099 2543 vestro
2151 2504 2379 2544 moram
2428 2489 2765 2555 fecerimus,
2815 2489 2890 2545 ad

783 2574 822 2599 “
860 2573 1268 2629 defensionem
1321 2577 1497 2628 terrae
1549 2575 1765 2627 vestrae
1821 2570 2158 2642 ubicunque
2207 2577 2528 2643 praesentes
2578 2572 2888 2640 fuerimus,

784 2659 822 2685 ‘⁴
862 2658 1030 2714 vobis
1070 2656 1363 2713 auxilium
1399 2655 1808 2729 praebeamus3
1851 2655 2192 2727 quicunque
2226 2656 2410 2711 vellet
2446 2673 2576 2711 eam
2611 2657 2890 2713 invadere

782 2741 823 2768 “
864 2746 970 2798 aut
1003 2741 1173 2797 vobis
1210 2740 1439 2796 bellum
1474 2739 1712 2794 inferre.
1786 2736 1988 2809 Hujus
2043 2743 2240 2795 autem
2292 2739 2456 2811 pacis
2510 2745 2773 2795 tenorem
2825 2747 2887 2797 et

784 2827 824 2853 “
870 2826 1142 2891 formam,
1187 2842 1363 2894 quam
1400 2824 1464 2879 in
1497 2827 1637 2880 voto
1682 2821 1969 2878 habemus
2020 2827 2082 2878 et
2136 2824 2399 2894 gerimus
2451 2823 2515 2878 in
2562 2825 2882 2895 preposite,

434 2909 689 3009 {gnata-*35¹
780 2911 819 2939 ‘⁸
859 2909 1029 2967 vobis
1088 2912 1150 2964 et
1195 2908 1413 2965 vestris
1466 2907 1658 2964 illoesa
1702 2907 1820 2963 fide
1872 2923 2128 2974 servare,
2180 2923 2288 2980 per
2321 2907 2653 2965 walterum
2707 2907 2886 2966 Boto-

689 2976 752 3013 “'
778 2996 819 3022 “
860 3009 1204 3063 magensem
1240 2991 1771 3062 archiepiscopum,
1832 2996 1894 3048 et
1944 2992 2265 3049 Girardum
2297 2992 2659 3048 Auxiensem
2694 2994 2885 3049 archi·

779 3080 817 3105 ‘⁴
860 3076 1222 3147 episcopum,
1275 3080 1336 3129 et
1382 3091 1489 3144 per
1539 3073 1579 3128 J
1582 3073 1873 3129 ohannem
1908 3076 2348 3143 Ebroicenscm,
2403 3082 2464 3132 et
2515 3076 2885 3133 Bernardum

779 3164 818 3188 “
859 3158 1287 3215 Baonicensem
1335 3156 1661 3227 episcopos,
1714 3162 1775 3212 et
1824 3176 1933 3230 per
1982 3159 2022 3214 J
2024 3158 2314 3215 ordanum
2350 3160 2423 3214 de
2458 3159 2692 3215 Humez
2752 3179 2886 3215 con-

779 3246 818 3271 “
861 3240 1254 3299 stabularium
1305 3244 1592 3306 nostrum,
1648 3246 1709 3296 et
1760 3259 1869 3313 per
1904 3240 2274 3299 willelmum
2322 3243 2395 3297 de
2445 3242 2643 3308 Ourci,
2683 3249 2745 3299 et
2776 3261 2885 3315 per

779 3330 817 3356 “
859 3324 1184 3382 Ricardum
1219 3324 1295 3381 de
1331 3324 1594 3390 Kamvil,
1636 3329 1699 3380 et
1732 3342 1842 3398 per
1879 3324 2198 3381 Girardum
2231 3326 2492 3391 Talebot‚
2533 3333 2594 3382 et
2628 3344 2734 3398 per
2770 3328 2889 3383 Ro·

778 3415 818 3439 “
859 3412 1097 3467 bertum
1133 3409 1206 3465 de
1246 3408 1471 3474 Sablul,
1513 3414 1575 3464 et
1608 3426 1714 3481 per
1739 3410 1887 3466 alios
1923 3410 2143 3466 multos
2177 3409 2531 3467 nobiliores²
2566 3411 2640 3466 de
2664 3411 2889 3467 familia

777 3499 814 3523 ‘⁶
856 3499 1059 3551 nostra
1081 3493 1358 3560 fecimus,
1392 3493 1751 3565 juramentis
1787 3495 2092 3565 praestitis,
2133 3511 2330 3549 coram
2364 3494 2662 3565 praedictis
2700 3495 2887 3551 archi-

777 3582 814 3607 “
856 3578 1151 3651 episcopis
1207 3578 1283 3634 ad
1336 3578 1448 3633 hoc
1502 3576 1702 3649 ipsum
1754 3577 2122 3634 efficiendum
2172 3594 2209 3633 a
2253 3577 2423 3634 vobis
2459 3577 2788 3644 destinatis,
2825 3584 2889 3634 et

777 3666 815 3691 “
855 3663 1004 3720 viris
1054 3662 1395 3719 illustribus
1442 3662 1680 3729 vestris,
1735 3662 1801 3718 in
1851 3663 2111 3718 animam
2150 3666 2415 3719 nostram
2448 3662 2690 3729 firmari,
2731 3663 2888 3719 sicut

777 3750 816 3775 “
860 3745 1204 3819 capitularis
1241 3747 1431 3802 forma
1466 3745 1746 3803 continet.
1846 3745 1929 3802 Ut
1965 3752 2163 3802 autem
2198 3764 2313 3819 pax
2348 3745 2464 3802 ista
2516 3749 2578 3801 et
2625 3746 2888 3802 fraterna

779 3834 818 3859 “
856 3831 1099 3888 dilectio
1135 3836 1259 3888 tam
1310 3830 1649 3902 multiplici,
1705 3847 1884 3901 quam
1919 3830 2161 3886 arctiori
2194 3831 2430 3886 vinculo
2468 3837 2884 3898 connectatur-3

839 4060 856 4092 ¹
893 4060 928 4090 “
941 4064 992 4110 et
1007 4056 1325 4110 willelmum
1345 4056 1775 4122 archiepiscopum

773 4144 806 4170 ‘⁸
838 4141 902 4191 de
935 4138 1073 4199 Risu,
1112 4145 1164 4189 et
1200 4136 1474 4188 Ricardum
1495 4136 1658 4188 filium
1690 4152 1777 4188 ve-

771 4224 802 4249 “
836 4216 1072 4269 amabilis
1108 4216 1206 4267 viri
1235 4215 1452 4267 walteri
1489 4216 1777 4267 cancellarii

778 4302 810 4328 “
847 4294 1239 4358 vesu-i,'’—add.
1263 4295 1332 4347 H.

837 4376 859 4409 ²
893 4376 1139 4428 Hoveden
1181 4375 1322 4441 gives
1363 4374 1448 4426 the
1492 4390 1667 4426 names
1720 4376 1776 4425 in

777 4464 989 4509 extenso
1016 4459 1140 4507 :—“
1158 4462 1209 4506 et
1253 4469 1343 4520 per
1391 4454 1681 4506 Gnidonem
1713 4456 1775 4506 de

772 4541 804 4566 “
843 4537 1049 4600 eroum,
1083 4542 1136 4586 et
1169 4550 1260 4600 per
1299 4534 1580 4586 Guarinum
1613 4534 1775 4585 filium

763 4617 798 4647 ‘⁴
841 4615 1065 4677 Geroldi,
1105 4620 1157 4665 et
1190 4629 1279 4679 per
1323 4614 1680 4665 Bertramnum
1713 4616 1774 4665 de

764 4699 796 4725 ⁴⁶
838 4695 1067 4754 Verdun,
1083 4700 1135 4744 et
1145 4709 1236 4758 per
1249 4693 1565 4744 willelmum
1587 4695 1774 4747 Cham-

766 4777 797 4801 “
835 4772 1133 4837 berlangum
1173 4774 1234 4822 de
1258 4772 1575 4835 Tancervile‚
1598 4781 1647 4823 et
1685 4788 1775 4837 per

762 4854 795 4879 “
837 4849 1116 4901 Robertum
1138 4851 1201 4902 de
1221 4850 1370 4902 Novo
1401 4851 1591 4916 Burgo,
1613 4858 1663 4901 et
1684 4867 1774 4917 per

1880 4060 1910 4088 “
1945 4058 2217 4124 Hugonem
2237 4057 2463 4120 Bardolf,
2486 4064 2538 4109 et
2564 4072 2656 4124 per
2676 4056 2885 4123 wigain

1881 4140 1911 4167 “
1946 4138 2009 4187 de
2026 4137 2360 4205 chereaburg,
2377 4146 2429 4189 et
2443 4153 2533 4203 per
2549 4137 2885 4191 Gillebertum

1879 4220 1911 4245 ‘⁴
1947 4218 2011 4268 de
2041 4216 2308 4280 Wascuill,
2330 4226 2383 4268 et
2418 4232 2509 4282 per
2532 4217 2804 4283 Hugonem
2836 4218 2886 4270 le

1880 4299 1912 4327 ‘⁸
1945 4296 2106 4357 Brun,
2136 4303 2190 4348 et
2209 4311 2300 4361 per
2320 4296 2610 4347 Johannem
2637 4296 2688 4346 le
2710 4296 2887 4359 Piller‚

1879 4380 1910 4406 ‘⁸
1945 4382 1996 4426 et
2010 4391 2100 4441 per
2117 4376 2330 4426 Amauri
2350 4378 2413 4426 de
2435 4375 2704 4438 Muntfon,
2724 4381 2776 4426 et
2796 4390 2889 4439 per

1884 4460 1917 4485 “
1949 4454 2212 4506 Andream
2268 4456 2331 4505 de
2377 4454 2657 4516 chanani,
2702 4462 2752 4505 et
2794 4469 2887 4519 per

1876 4538 1906 4563 ‘⁴
1942 4534 2258 4586 willelmum
2289 4536 2352 4585 de
2374 4533 2507 4585 Forz
2546 4534 2811 4597 Dalm,
2834 4544 2888 4586 et

1878 4618 1909 4643 “
1943 4629 2034 4680 per
2054 4613 2353 4666 Gaufridum
2371 4615 2433 4664 de
2446 4614 2706 4676 Rancune,
2726 4622 2780 4665 et
2793 4629 2888 4679 per

1878 4696 1911 4722 ‘⁸
1945 4692 2163 4743 Amauri
2181 4693 2348 4755 Tor-el,
2372 4701 2423 4744 et
2442 4706 2534 4757 per
2547 4693 2734 4745 multos
2756 4693 2889 4744 alios

1876 4776 1909 4802 “
1942 4775 2005 4823 de
2028 4771 2269 4838 familia‚”
2287 4773 2379 4824 &a
