3585 5863
924 874 1053 938 218
1748 886 1965 939 orsu
2007 886 2209 938 ancus

617 1070 857 1169 ἵωοὼᾞι
929 1066 969 1092 “
1006 1063 1199 1134 pietas
1251 1063 1358 1119 ubi
1407 1062 1687 1136 superbia
1732 1065 2042 1137 regnabat,
2099 1082 2209 1121 nec
2258 1061 2498 1120 auditus
2551 1066 2646 1118 est
2692 1060 2879 1127 Deus,
2920 1058 3024 1116 ubi
3048 1064 3306 1166 {am

585 1184 685 1230 'rho
700 1137 847 1232 archa
928 1150 968 1177 ‘⁸
1007 1147 1334 1220 imperabat
1368 1154 1672 1219 tyrannus.
1746 1149 2042 1208 Veniebat
2077 1150 2236 1206 enim
2271 1165 2307 1204 a
2337 1145 2608 1221 partibus
2643 1145 3028 1203 Normanniae

583 1236 761 1290 bmhop,
784 1234 945 1282 with‘
954 1233 1484 1306 ‘archiepiscopus
1544 1234 1650 1290 isse
1708 1237 1995 1306 praefatus
2055 1252 2194 1291 cum
2252 1232 2461 1291 baculo
2521 1231 2828 1305 pastorali,
2891 1249 3028 1288 cum

584 1250 786 1381 fflssssssu'
802 1290 883 1333 ⁶¹¹³
928 1320 966 1345 “
1005 1318 1185 1373 mitra
1235 1324 1295 1375 et
1347 1318 1563 1374 annulo
1599 1324 1661 1375 et
1708 1319 2205 1391 superhumerali,
2245 1317 2404 1391 quod
2436 1317 2606 1375 novis
2653 1316 3027 1389 temporibus

584 1388 750 1443 Hem-y
770 1391 836 1434 11.
928 1406 966 1430 “
1005 1402 1252 1475 pallium
1273 1410 1661 1476 nuncupatur.
1713 1404 1794 1461 Et
1815 1423 1951 1462 cum
1977 1402 2188 1476 [esset]
2215 1404 2376 1461 filius
2398 1402 2561 1475 regis
2583 1402 2836 1459 Henrici
2858 1402 3026 1458 bonae

584 1439 677 1482 and
694 1441 884 1486 brother

583 1492 637 1532 0?
649 1491 730 1533 the
748 1492 873 1545 king,
952 1486 1446 1556 ‘recordationis,
1469 1495 1531 1545 et
1562 1490 1752 1546 frater
1787 1490 1952 1562 regis
1989 1489 2164 1547 modo
2201 1489 2532 1561 regnantis,
2564 1486 2752 1543 frater
2787 1503 3027 1560 quoque

583 1490 944 1691 ἷέῗιῗθηίὲῗιωᾱὲ
927 1574 967 1600 “
1005 1573 1239 1630 comitis
1275 1573 1336 1629 Μ
1342 1573 1588 1630 eretonn
1625 1573 1666 1629 J
1668 1573 1934 1642 ohannis
1971 1573 2126 1630 nihil
2173 1579 2374 1630 tamen
2408 1573 2466 1629 ei
2513 1571 2708 1644 potuit
2740 1572 3027 1644 prodesse

582 1643 1208 1730 ”2‘101201‘regius
1262 1658 1524 1755 sanguis.
1602 1657 1874 1730 Cumque
1925 1663 2084 1715 esset
2131 1658 2363 1715 noviter
2416 1661 2814 1725 consecratus,
2869 1655 3028 1712 nihil

949 1744 1138 1798 ‘eum
1191 1743 1388 1815 potuit
1431 1742 1645 1813 juvare
1699 1744 1931 1800 novitas
1992 1741 2364 1800 sacramenti.
2453 1740 2617 1813 Ergo
2669 1759 2777 1814 per
2836 1746 3026 1798 totam

923 1831 963 1857 ‘⁶
998 1826 1256 1884 insulam
1308 1845 1346 1883 a
1392 1825 1563 1883 laicis
1598 1826 1836 1899 publice
1889 1827 2309 1898 proclamatur,
2353 1824 2604 1882 ‘Pereat
2652 1826 2758 1895 qui
2811 1832 3029 1883 cuncta

925 1915 965 1941 ‘⁸
1006 1915 1020 1940 ‘
1048 1912 1298 1984 perdere
1335 1912 1599 1980 festinat,
1636 1912 2007 1983 opprimatur
2060 1928 2137 1967 ne
2172 1928 2374 1967 omnes
2409 1911 2741 1982 opprimat;
2793 1911 2937 1982 quia
2970 1910 3028 1966 si

923 1999 963 2027 ‘⁸
1005 2000 1021 2024 ‘
1047 1996 1111 2052 in
1159 1995 1341 2053 viridi
1399 1996 1526 2052 haec
1585 1995 1747 2061 fecit,
1804 1996 1871 2051 in
1923 1994 2087 2051 arido
2143 1995 2290 2067 quid
2338 1993 2640 2051 faceretP’
2730 1994 2811 2052 Et
2863 2012 3021 2062 ecce,

924 2084 962 2110 ‘⁴
1005 2080 1236 2153 Spiritu
1292 2078 1507 2137 Sancto
1544 2078 1810 2145 ducente,
1847 2079 1920 2135 ab
1975 2079 2250 2151 aquilone
2305 2084 2368 2135 et
2415 2080 2585 2145 mari,
2628 2084 2690 2135 et
2742 2096 2815 2134 ex
2863 2078 3029 2135 omni

923 2169 962 2195 “
1000 2171 1167 2239 parte
1220 2165 1430 2221 insulae
1483 2166 1687 2231 totius,
1745 2170 2103 2222 concurrunt
2155 2168 2217 2220 et
2262 2164 2564 2220 confluunt
2611 2163 2900 2230 universi,
2955 2168 3031 2220 ut

579 2255 831 2320 'thecuan-
924 2253 963 2280 “
1003 2250 1482 2321 archiepiscopus
1518 2249 1623 2305 ille
1659 2255 1863 2321 posset
1897 2248 2159 2305 liberari.
2239 2247 2469 2306 Verum
2504 2247 2785 2305 funiculis
2820 2265 3028 2321 pecca-

581 2310 749 2403 ξῗὲξ-ῗζ
736 2323 831 2405 Ἐζᾶ
846 2338 940 2407 to‘
948 2339 1196 2392 ‘torum
1232 2351 1476 2390 suorum
1509 2332 1707 2404 ipsum
1741 2332 2283 2406 constringentibus
2318 2332 2754 2400 cancellarium,
2794 2339 2857 2389 et
2889 2351 3028 2390 oon·

582 2411 789 2457 landon.
924 2422 964 2450 “
1002 2419 1249 2477 scientia
1283 2436 1392 2475 sua
1443 2434 1580 2474 eum
1625 2417 2035 2475 vehementius
2090 2421 2417 2483 accusante,
2457 2418 2617 2489 fugit
2665 2418 2951 2476 loricatus
2987 2436 3030 2474 a

923 2507 963 2535 ‘⁶
1002 2504 1151 2561 facie
1185 2503 1509 2569 hominum,
1549 2508 1611 2557 et
1659 2520 1725 2559 se
1761 2502 2069 2559 abscondit
2118 2508 2181 2559 et
2227 2501 2475 2559 inclusit
2507 2519 2646 2557 cum
2679 2501 3026 2560 hominibus

922 2593 962 2620 “
1002 2589 1126 2647 suis
1187 2589 1251 2645 in
1307 2594 1473 2645 turre
1526 2586 1989 2643 Lundoniarum.
2078 2586 2267 2644 Nobis
2328 2591 2527 2642 autem
2585 2587 3028 2645 introeuntibus

921 2678 962 2706 “
1000 2676 1303 2732 civitatem
1336 2674 1401 2730 in
1423 2690 1573 2739 sero,
1600 2673 1804 2744 plures
1840 2671 1915 2727 de
1950 2671 2179 2727 familia
2212 2670 2343 2744 ejus
2379 2671 2593 2728 armati
2627 2689 2764 2728 cum
2803 2672 3027 2745 gladiis

922 2765 961 2791 ‘⁶
1001 2760 1249 2817 exsertis
1271 2776 1378 2816 nos
1414 2758 1773 2823 invaserunt,
1801 2763 1864 2812 et
1897 2756 2156 2813 nobilem
2190 2756 2265 2812 de
2298 2756 2519 2812 nostris
2553 2755 2811 2815 militem
2843 2758 3029 2815 inter-

581 2854 837 2900 councilot
923 2850 963 2879 “
1001 2848 1269 2902 fecerunt
1305 2849 1366 2901 et
1415 2844 1617 2915 plures
1652 2842 2131 2899 vulneraverunt.
2206 2840 2382 2896 Mane
2432 2857 2578 2913 ergo
2629 2841 2834 2897 habito
2886 2860 3029 2899 oon-

580 2906 893 3012 ξιὲἓίξξιοῶεω,
922 2938 961 2964 “
1001 2934 1137 2990 silio
1172 2949 1309 2988 cum
1344 2928 1616 2986 omnibus
1655 2927 1779 2984 fere
1816 2926 2192 2999 magnatibus
2226 2926 2419 2998 reg-ni,
2458 2931 2747 2998 praesente
2783 2926 3027 2986 domino

920 3022 960 3049 ‘⁸
1001 3017 1041 3073 J
1042 3017 1267 3073 ohanne
1304 3014 1485 3069 fratre
1520 3013 1685 3084 regis
1735 3016 1798 3068 et
1832 3010 2296 3082 Rothomagensi
2342 3015 2403 3067 et
2435 3009 2792 3067 Eboracensi
2827 3013 3025 3070 archi·

920 3106 958 3132 “
998 3099 1309 3174 episcopis,
1366 3097 1656 3168 episcopis
1717 3095 1899 3153 etiam
1956 3095 2348 3169 praesentibus
2399 3093 2808 3164 Dunelmensi,
2862 3097 3026 3154 Lun-

916 3190 957 3218 “
995 3184 1281 3249 deniensi,
1357 3180 1769 3247 wintoniensi,
1837 3179 2241 3245 Bathoniensi,
2302 3179 2566 3246 Rofensi,
2627 3180 3022 3250 Norwicensi,

916 3277 955 3302 ‘⁴
994 3265 1407 3334 Lincolniensi,
1457 3265 1902 3332 Herefordensi,
1939 3264 2303 3330 Menevensi,
2355 3264 2743 3322 coventrensi
2761 3288 2777 3321 ε
2836 3266 3027 3323 facto-

916 3362 956 3388 “
995 3372 1111 3430 que
1145 3351 1390 3410 consilio
1414 3368 1612 3406 coram
1647 3350 1807 3406 omni
1841 3349 2060 3421 populo
2082 3349 2264 3406 totius
2288 3348 2546 3406 civitatis
2569 3371 2585 3417 3
2624 3350 3023 3421 praesentibus

916 3445 956 3472 “
995 3457 1228 3515 quoque
1271 3436 1612 3510 justitiariis
1666 3433 1889 3490 domini
1938 3434 2101 3505 regis
2137 3439 2200 3491 et
2234 3433 2712 3506 approbantibus,
2752 3434 2824 3490 de
2876 3453 3022 3492 oon-

916 3530 955 3556 “
995 3526 1129 3582 silio
1163 3522 1576 3579 universorum
1630 3518 1965 3585 statuimus,
2004 3536 2079 3574 ne
2127 3517 2265 3574 talis
2319 3517 2395 3573 de
2447 3523 2661 3574 caetero
2712 3519 2779 3574 in
2828 3537 3023 3592 regno

917 3614 956 3641 “
997 3608 1346 3673 dominetur,
1396 3623 1507 3679 per
1544 3622 1724 3677 quem
1758 3603 2012 3660 ecclesia
2059 3602 2173 3659 Dei
2209 3602 2287 3659 ad
2321 3602 2710 3675 ignominiam
2745 3609 2807 3660 et
2825 3622 3021 3678 popu·

576 3695 776 3750 elmges
916 3699 956 3725 “
992 3695 1089 3751 lus
1141 3692 1219 3749 ad
1265 3690 1525 3762 inopiam
1576 3694 1735 3746 esset
1783 3688 2079 3744 redactus.
2151 3686 2238 3743 Ut
2273 3686 2431 3743 enim
2476 3694 2691 3744 caetera
2725 3689 3019 3758 omittam,

576 3697 934 3852 ἓὲῗῗὛοῇω“
917 3784 957 3810 “
994 3780 1122 3852 ipse
1159 3781 1219 3832 et
1253 3776 1559 3849 garciones
1612 3773 1706 3830 sui
1758 3777 1950 3829 totum
1999 3789 2252 3844 regnum
2294 3772 2701 3838 exhauserant,
2739 3791 2850 3830 nec
2881 3774 3021 3831 viro

917 3869 956 3897 ‘⁶
993 3864 1254 3921 balteum
1288 3877 1399 3917 nec
1422 3859 1678 3916 foeminae
1712 3858 1932 3914 monile
1966 3861 2349 3923 remanserat,
2376 3874 2486 3913 nec
2521 3858 2773 3915 annulus
2806 3859 3018 3927 nobili,

915 3954 954 3981 ‘⁸
990 3967 1101 4006 nec
1151 3944 1455 4021 quodlibet
1488 3944 1819 4016 pretiosum
1852 3942 2034 3998 alicui
2088 3942 2271 3999 etiam
2309 3941 2351 3997 J
2351 3942 2537 3999 udaeo.
2641 3943 3016 4001 Thesaurum

916 4038 955 4065 “
995 4049 1228 4107 quoque
1274 4030 1440 4102 regis
1494 4027 1897 4084 exinaniverat
1928 4044 2192 4098 prorsus,
2230 4030 2301 4083 ut
2347 4027 2414 4082 in
2463 4026 2734 4084 omnibus
2785 4029 3020 4088 scriniis

916 4124 956 4151 ‘⁸
992 4119 1093 4177 vel
1129 4115 1361 4174 sacellis
1410 4112 1563 4170 nihil
1602 4118 1822 4184 praeter
1855 4111 2053 4170 claves
2090 4111 2163 4168 de
2211 4117 2341 4168 toto
2388 4111 2505 4168 isto
2541 4110 2779 4170 biennio
2813 4122 3021 4187 posset

575 4219 650 4266 on
663 4218 745 4265 tho
760 4210 933 4263 third‘
941 4201 1266 4261 ‘inveniri.
1340 4198 1543 4255 Tertia
1588 4202 1788 4253 autem
1836 4196 1932 4252 die
1979 4196 2253 4268 promisit
2277 4191 2554 4265 firmiter,
2595 4203 2657 4254 et
2690 4216 2798 4271 per
2833 4218 3021 4271 quen-

577 4273 665 4325 day
682 4272 742 4314 ¹¹⁰
756 4283 860 4324 ΡΝ·
916 4295 955 4321 “
993 4290 1131 4346 dam
1181 4286 1254 4343 de
1308 4283 1434 4342 suis
1486 4281 1665 4340 fidem
1713 4281 1881 4338 dedit
1932 4280 2333 4354 corporaliter,
2372 4283 2600 4338 cunctis
2652 4283 3016 4356 videntibus,

574 4323 824 4417 muffet
915 4380 954 4405 ⁶⁶
993 4371 1155 4448 quod
1205 4369 1462 4427 insulam
1513 4385 1630 4423 non
1684 4366 1872 4423 exiret
1919 4364 2102 4422 donec
2154 4365 2402 4423 castella
2435 4367 2725 4439 quaedam,
2766 4387 2898 4442 quae
2949 4371 3018 4428 in

574 4424 954 4526 ssffitofzssffidffl
937 4464 1171 4516 ‘manu
1220 4472 1328 4512 sua
1378 4452 1650 4518 habebat,
1691 4457 1754 4507 et
1803 4449 2045 4507 advenis
2096 4457 2158 4507 et
2208 4451 2431 4524 ignotis
2486 4454 2754 4524 personis
2803 4462 2864 4510 et
2911 4455 3017 4512 ob—

575 4506 891 4630 ὂξὲζξξῶῗ
915 4550 953 4577 “
992 4543 1184 4602 scuris
1219 4539 1564 4604 tradiderat,
1604 4554 1737 4609 quae
1785 4535 1875 4592 ibi
1916 4535 2217 4593 nominata
2252 4538 2511 4604 fuerunt,
2548 4538 2740 4594 libera
2772 4540 3015 4612 penitus

915 4635 953 4661 “
990 4630 1355 4701 resignasset
1389 4629 1450 4681 et
1483 4621 1750 4695 personis
1784 4622 2101 4678 nominatis
2137 4621 2296 4678 tradi
2330 4623 2589 4679 fecisset.
2664 4623 2858 4695 Super
2892 4643 3015 4697 quo

913 4722 952 4747 “
993 4721 1053 4771 et
1087 4716 1303 4770 fratres
1341 4727 1478 4768 suos
1527 4713 1588 4764 et
1622 4706 2014 4765 camerarium
2061 4725 2239 4764 suum
2273 4705 2506 4763 obsides
2542 4707 2724 4775 dedit,
2765 4714 2827 4765 et
2862 4709 3018 4768 Can·

914 4805 953 4833 “
991 4800 1247 4859 tuariam
1282 4794 1640 4870 properavit,
1691 4799 1763 4850 ut
1810 4792 1896 4847 ibi
1947 4792 2105 4851 sicut
2155 4791 2399 4850 decebat
2433 4810 2671 4851 crucem
2712 4795 3019 4868 acciperet

912 4890 954 4962 ξ·
991 4880 1500 4958 peregrinationis,
1540 4887 1603 4938 et
1655 4879 1975 4952 deponeret
2027 4896 2263 4938 crucem
2298 4879 2634 4951 legationis,
2677 4897 2856 4952 quam
2901 4898 3021 4953 per
