<?xml version="1.0" encoding="UTF-8"?>
<!DOCTYPE html PUBLIC "-//W3C//DTD XHTML 1.0 Transitional//EN"
    "http://www.w3.org/TR/xhtml1/DTD/xhtml1-transitional.dtd">
<html xmlns="http://www.w3.org/1999/xhtml" xml:lang="en" lang="en">
 <head>
  <title>
</title>
<meta http-equiv="Content-Type" content="text/html;charset=utf-8" />
  <meta name='ocr-system' content='tesseract 3.04.00' />
  <meta name='ocr-capabilities' content='ocr_page ocr_carea ocr_par ocr_line ocrx_word'/>
</head>
<body>
  <div class='ocr_page' id='page_1' title='image "./chroniclereigns00unkngoog_0376.png"; bbox 0 0 3585 5863; ppageno 0'>
   <div class='ocr_carea' id='block_1_1' title="bbox 855 850 2135 916">
    <p class='ocr_par' dir='ltr' id='par_1_1' title="bbox 855 850 2135 916">
     <span class='ocr_line' id='line_1_1' title="bbox 855 850 2135 916; baseline 0.002 -4"><span class='ocrx_word' id='word_1_1' title='bbox 855 850 987 912; x_wconf 63' lang='lat'><strong>204</strong></span> <span class='ocrx_word' id='word_1_2' title='bbox 1673 864 1891 915; x_wconf 66' lang='lat' dir='ltr'><strong>onem</strong></span> <span class='ocrx_word' id='word_1_3' title='bbox 1934 866 2135 916; x_wconf 73' lang='lat' dir='ltr'><strong>nasus</strong></span> 
     </span>
    </p>
   </div>
   <div class='ocr_carea' id='block_1_2' title="bbox 516 1036 3233 1150">
    <p class='ocr_par' dir='ltr' id='par_1_2' title="bbox 516 1036 3233 1150">
     <span class='ocr_line' id='line_1_2' title="bbox 516 1036 3233 1150; baseline -0 -49"><span class='ocrx_word' id='word_1_4' title='bbox 516 1042 810 1150; x_wconf 48' lang='grc' dir='ltr'><strong>83ξέἐὲᾞὲ</strong></span> <span class='ocrx_word' id='word_1_5' title='bbox 853 1036 1176 1116; x_wconf 81' lang='lat' dir='ltr'><strong>Salvator,</strong></span> <span class='ocrx_word' id='word_1_6' title='bbox 1222 1045 1291 1103; x_wconf 84' lang='lat' dir='ltr'><strong>et</strong></span> <span class='ocrx_word' id='word_1_7' title='bbox 1337 1038 1405 1102; x_wconf 87' lang='lat' dir='ltr'><strong>in</strong></span> <span class='ocrx_word' id='word_1_8' title='bbox 1453 1039 1689 1104; x_wconf 81' lang='lat' dir='ltr'><strong>insulis</strong></span> <span class='ocrx_word' id='word_1_9' title='bbox 1732 1038 1871 1104; x_wconf 89' lang='lat' dir='ltr'><strong>illis</strong></span> <span class='ocrx_word' id='word_1_10' title='bbox 1914 1044 2016 1104; x_wconf 87' lang='lat' dir='ltr'><strong>est</strong></span> <span class='ocrx_word' id='word_1_11' title='bbox 2061 1038 2388 1104; x_wconf 86' lang='lat' dir='ltr'><strong>habitatio</strong></span> <span class='ocrx_word' id='word_1_12' title='bbox 2433 1039 2837 1126; x_wconf 85' lang='lat' dir='ltr'><strong>piratarum;</strong></span> <span class='ocrx_word' id='word_1_13' title='bbox 2880 1045 2949 1105; x_wconf 85' lang='lat' dir='ltr'><strong>et</strong></span> <span class='ocrx_word' id='word_1_14' title='bbox 2970 1050 3233 1149; x_wconf 49' lang='lat' dir='ltr'><strong>Qffl.</strong></span> 
     </span>
    </p>
   </div>
   <div class='ocr_carea' id='block_1_3' title="bbox 511 1139 3235 4088">
    <p class='ocr_par' dir='ltr' id='par_1_3' title="bbox 514 1139 2949 1431">
     <span class='ocr_line' id='line_1_3' title="bbox 516 1139 2949 1251; baseline 0.002 -49"><span class='ocrx_word' id='word_1_15' title='bbox 516 1159 597 1248; x_wconf 52' lang='lat'><strong>3³12</strong></span> <span class='ocrx_word' id='word_1_16' title='bbox 611 1157 825 1251; x_wconf 36' lang='lat' dir='ltr'><strong>figmata</strong></span> <span class='ocrx_word' id='word_1_17' title='bbox 849 1139 1026 1203; x_wconf 87' lang='lat' dir='ltr'><strong>inter</strong></span> <span class='ocrx_word' id='word_1_18' title='bbox 1070 1140 1321 1205; x_wconf 82' lang='lat' dir='ltr'><strong>insulas</strong></span> <span class='ocrx_word' id='word_1_19' title='bbox 1365 1140 1513 1205; x_wconf 83' lang='lat' dir='ltr'><strong>illas</strong></span> <span class='ocrx_word' id='word_1_20' title='bbox 1558 1146 1659 1206; x_wconf 88' lang='lat' dir='ltr'><strong>est</strong></span> <span class='ocrx_word' id='word_1_21' title='bbox 1711 1142 1826 1206; x_wconf 84' lang='lat' dir='ltr'><strong>via</strong></span> <span class='ocrx_word' id='word_1_22' title='bbox 1882 1141 2161 1206; x_wconf 86' lang='lat' dir='ltr'><strong>navium</strong></span> <span class='ocrx_word' id='word_1_23' title='bbox 2229 1140 2392 1207; x_wconf 84' lang='lat' dir='ltr'><strong>satis</strong></span> <span class='ocrx_word' id='word_1_24' title='bbox 2454 1141 2835 1227; x_wconf 80' lang='lat' dir='ltr'><strong>periculosa,</strong></span> <span class='ocrx_word' id='word_1_25' title='bbox 2880 1146 2949 1207; x_wconf 89' lang='lat' dir='ltr'><strong>et</strong></span> 
     </span>
     <span class='ocr_line' id='line_1_4' title="bbox 514 1240 2949 1321; baseline 0.004 -22"><span class='ocrx_word' id='word_1_26' title='bbox 514 1256 736 1301; x_wconf 66' lang='lat' dir='ltr'><strong>wisent-d.</strong></span> <span class='ocrx_word' id='word_1_27' title='bbox 849 1240 994 1306; x_wconf 90' lang='lat' dir='ltr'><strong>ideo</strong></span> <span class='ocrx_word' id='word_1_28' title='bbox 1040 1247 1140 1307; x_wconf 89' lang='lat' dir='ltr'><strong>est</strong></span> <span class='ocrx_word' id='word_1_29' title='bbox 1185 1242 1297 1307; x_wconf 88' lang='lat' dir='ltr'><strong>via</strong></span> <span class='ocrx_word' id='word_1_30' title='bbox 1341 1242 1622 1308; x_wconf 77' lang='lat' dir='ltr'>securior</span> <span class='ocrx_word' id='word_1_31' title='bbox 1652 1243 1734 1307; x_wconf 90' lang='lat' dir='ltr'><strong>de</strong></span> <span class='ocrx_word' id='word_1_32' title='bbox 1763 1242 1962 1321; x_wconf 87' lang='lat' dir='ltr'><strong>foris;</strong></span> <span class='ocrx_word' id='word_1_33' title='bbox 2008 1252 2078 1308; x_wconf 87' lang='lat' dir='ltr'><strong>et</strong></span> <span class='ocrx_word' id='word_1_34' title='bbox 2122 1248 2285 1308; x_wconf 84' lang='lat' dir='ltr'><strong>tune</strong></span> <span class='ocrx_word' id='word_1_35' title='bbox 2329 1242 2751 1310; x_wconf 77' lang='lat' dir='ltr'><strong>dimittendae</strong></span> <span class='ocrx_word' id='word_1_36' title='bbox 2790 1247 2949 1309; x_wconf 88' lang='lat' dir='ltr'><strong>sunt</strong></span> 
     </span>
     <span class='ocr_line' id='line_1_5' title="bbox 849 1342 2216 1431; baseline 0.002 -24"><span class='ocrx_word' id='word_1_37' title='bbox 849 1342 1085 1409; x_wconf 83' lang='lat' dir='ltr'><strong>insulae</strong></span> <span class='ocrx_word' id='word_1_38' title='bbox 1129 1343 1264 1410; x_wconf 88' lang='lat' dir='ltr'><strong>illae</strong></span> <span class='ocrx_word' id='word_1_39' title='bbox 1307 1344 1381 1408; x_wconf 94' lang='lat' dir='ltr'><strong>in</strong></span> <span class='ocrx_word' id='word_1_40' title='bbox 1425 1345 1703 1410; x_wconf 82' lang='lat' dir='ltr'><strong>dextera</strong></span> <span class='ocrx_word' id='word_1_41' title='bbox 1746 1351 1937 1431; x_wconf 82' lang='lat' dir='ltr'><strong>parte</strong></span> <span class='ocrx_word' id='word_1_42' title='bbox 1981 1342 2216 1410; x_wconf 61' lang='lat' dir='ltr'><strong>navis}</strong></span> 
     </span>
    </p>

    <p class='ocr_par' dir='ltr' id='par_1_4' title="bbox 514 1443 3233 2145">
     <span class='ocr_line' id='line_1_6' title="bbox 514 1443 3233 1531; baseline 0 -20"><span class='ocrx_word' id='word_1_43' title='bbox 514 1456 670 1511; x_wconf 73' lang='lat' dir='ltr'><strong>Philip</strong></span> <span class='ocrx_word' id='word_1_44' title='bbox 940 1445 1257 1531; x_wconf 73' lang='lat' dir='ltr'><strong>Sequitur</strong></span> <span class='ocrx_word' id='word_1_45' title='bbox 1282 1471 1297 1511; x_wconf 73' lang='grc' dir='ltr'>ε</span> <span class='ocrx_word' id='word_1_46' title='bbox 1319 1443 1348 1481; x_wconf 74' lang='lat'><strong>⁹</strong></span> <span class='ocrx_word' id='word_1_47' title='bbox 1413 1468 1561 1512; x_wconf 83' lang='lat' dir='ltr'><strong>cum</strong></span> <span class='ocrx_word' id='word_1_48' title='bbox 1623 1468 1742 1511; x_wconf 82' lang='lat' dir='ltr'><strong>rex</strong></span> <span class='ocrx_word' id='word_1_49' title='bbox 1814 1446 2109 1512; x_wconf 82' lang='lat' dir='ltr'><strong>Franoiae</strong></span> <span class='ocrx_word' id='word_1_50' title='bbox 2182 1445 2547 1511; x_wconf 70' lang='lat' dir='ltr'><strong>recessisset</strong></span> <span class='ocrx_word' id='word_1_51' title='bbox 2621 1468 2665 1510; x_wconf 89' lang='lat' dir='ltr'><strong>a</strong></span> <span class='ocrx_word' id='word_1_52' title='bbox 2739 1445 2947 1511; x_wconf 88' lang='lat' dir='ltr'><strong>Portu</strong></span> <span class='ocrx_word' id='word_1_53' title='bbox 2970 1466 3233 1518; x_wconf 60' lang='lat' dir='ltr'><strong>nos-eum.</strong></span> 
     </span>
     <span class='ocr_line' id='line_1_7' title="bbox 515 1522 3223 1632; baseline 0 -21"><span class='ocrx_word' id='word_1_54' title='bbox 515 1558 668 1604; x_wconf 81' lang='lat' dir='ltr'><strong>00rru.</strong></span> <span class='ocrx_word' id='word_1_55' title='bbox 697 1522 727 1553; x_wconf 72' lang='lat'>⁸</span> <span class='ocrx_word' id='word_1_56' title='bbox 849 1546 1190 1628; x_wconf 79' lang='lat' dir='ltr'><strong>wiscardi,</strong></span> <span class='ocrx_word' id='word_1_57' title='bbox 1238 1549 1424 1614; x_wconf 85' lang='lat' dir='ltr'><strong>venit</strong></span> <span class='ocrx_word' id='word_1_58' title='bbox 1484 1548 1570 1613; x_wconf 85' lang='lat' dir='ltr'><strong>ad</strong></span> <span class='ocrx_word' id='word_1_59' title='bbox 1614 1548 1901 1613; x_wconf 88' lang='lat' dir='ltr'><strong>insulam</strong></span> <span class='ocrx_word' id='word_1_60' title='bbox 1960 1549 2042 1613; x_wconf 89' lang='lat' dir='ltr'><strong>de</strong></span> <span class='ocrx_word' id='word_1_61' title='bbox 2104 1547 2410 1627; x_wconf 81' lang='lat' dir='ltr'><strong>Cuverfu,</strong></span> <span class='ocrx_word' id='word_1_62' title='bbox 2456 1569 2604 1632; x_wconf 86' lang='lat' dir='ltr'><strong>quae</strong></span> <span class='ocrx_word' id='word_1_63' title='bbox 2651 1547 2862 1613; x_wconf 83' lang='lat' dir='ltr'><strong>distat</strong></span> <span class='ocrx_word' id='word_1_64' title='bbox 2904 1571 2947 1612; x_wconf 86' lang='lat' dir='ltr'><strong>a</strong></span> <span class='ocrx_word' id='word_1_65' title='bbox 2968 1522 3063 1563; x_wconf 56' lang='grc' dir='ltr'><strong>ω’</strong></span> <span class='ocrx_word' id='word_1_66' title='bbox 3080 1530 3129 1562; x_wconf 70' lang='lat'><strong>⁸⁸</strong></span> <span class='ocrx_word' id='word_1_67' title='bbox 3148 1522 3223 1563; x_wconf 70' lang='lat'><strong>¹⁸⁶</strong></span> 
     </span>
     <span class='ocr_line' id='line_1_8' title="bbox 845 1649 2946 1737; baseline -0 -23"><span class='ocrx_word' id='word_1_68' title='bbox 845 1654 1045 1736; x_wconf 86' lang='lat' dir='ltr'><strong>portu</strong></span> <span class='ocrx_word' id='word_1_69' title='bbox 1093 1650 1411 1716; x_wconf 80' lang='lat' dir='ltr'><strong>Wiseardi</strong></span> <span class='ocrx_word' id='word_1_70' title='bbox 1461 1672 1578 1737; x_wconf 87' lang='lat' dir='ltr'><strong>per</strong></span> <span class='ocrx_word' id='word_1_71' title='bbox 1622 1655 1888 1716; x_wconf 85' lang='lat' dir='ltr'><strong>centum</strong></span> <span class='ocrx_word' id='word_1_72' title='bbox 1935 1649 2264 1728; x_wconf 85' lang='lat' dir='ltr'><strong>milliaria,</strong></span> <span class='ocrx_word' id='word_1_73' title='bbox 2308 1649 2397 1714; x_wconf 85' lang='lat' dir='ltr'><strong>ad</strong></span> <span class='ocrx_word' id='word_1_74' title='bbox 2442 1650 2799 1715; x_wconf 86' lang='lat' dir='ltr'><strong>introitum</strong></span> <span class='ocrx_word' id='word_1_75' title='bbox 2844 1649 2946 1713; x_wconf 89' lang='lat' dir='ltr'><strong>in-</strong></span> 
     </span>
     <span class='ocr_line' id='line_1_9' title="bbox 847 1750 2945 1839; baseline 0.001 -24"><span class='ocrx_word' id='word_1_76' title='bbox 847 1752 1008 1817; x_wconf 87' lang='lat' dir='ltr'><strong>sulae</strong></span> <span class='ocrx_word' id='word_1_77' title='bbox 1052 1752 1133 1817; x_wconf 87' lang='lat' dir='ltr'><strong>de</strong></span> <span class='ocrx_word' id='word_1_78' title='bbox 1181 1750 1519 1819; x_wconf 81' lang='lat' dir='ltr'><strong>Cuverfu.⁸</strong></span> <span class='ocrx_word' id='word_1_79' title='bbox 1609 1752 1694 1817; x_wconf 92' lang='lat' dir='ltr'><strong>In</strong></span> <span class='ocrx_word' id='word_1_80' title='bbox 1738 1752 1857 1817; x_wconf 85' lang='lat' dir='ltr'><strong>illa</strong></span> <span class='ocrx_word' id='word_1_81' title='bbox 1915 1757 2104 1839; x_wconf 87' lang='lat' dir='ltr'><strong>parte</strong></span> <span class='ocrx_word' id='word_1_82' title='bbox 2163 1751 2583 1838; x_wconf 86' lang='lat' dir='ltr'><strong>protenditur</strong></span> <span class='ocrx_word' id='word_1_83' title='bbox 2640 1752 2945 1837; x_wconf 61' lang='lat' dir='ltr'><strong>quiedam</strong></span> 
     </span>
     <span class='ocr_line' id='line_1_10' title="bbox 847 1852 2942 1940; baseline 0.001 -24"><span class='ocrx_word' id='word_1_84' title='bbox 847 1876 1048 1919; x_wconf 82' lang='lat' dir='ltr'><strong>arena</strong></span> <span class='ocrx_word' id='word_1_85' title='bbox 1109 1875 1151 1918; x_wconf 85' lang='lat' dir='ltr'><strong>a</strong></span> <span class='ocrx_word' id='word_1_86' title='bbox 1212 1854 1427 1940; x_wconf 84' lang='lat' dir='ltr'><strong>capite</strong></span> <span class='ocrx_word' id='word_1_87' title='bbox 1484 1854 1719 1919; x_wconf 75' lang='lat' dir='ltr'><strong>insulse</strong></span> <span class='ocrx_word' id='word_1_88' title='bbox 1779 1875 1988 1940; x_wconf 85' lang='lat' dir='ltr'><strong>usque</strong></span> <span class='ocrx_word' id='word_1_89' title='bbox 2049 1853 2443 1919; x_wconf 80' lang='lat' dir='ltr'><strong>Romaniam</strong></span> <span class='ocrx_word' id='word_1_90' title='bbox 2489 1875 2605 1940; x_wconf 87' lang='lat' dir='ltr'><strong>per</strong></span> <span class='ocrx_word' id='word_1_91' title='bbox 2648 1852 2942 1919; x_wconf 87' lang='lat' dir='ltr'><strong>medium</strong></span> 
     </span>
     <span class='ocr_line' id='line_1_11' title="bbox 848 1955 2944 2042; baseline 0 -22"><span class='ocrx_word' id='word_1_92' title='bbox 848 1956 1204 2037; x_wconf 88' lang='lat' dir='ltr'><strong>introitus;</strong></span> <span class='ocrx_word' id='word_1_93' title='bbox 1272 1962 1341 2022; x_wconf 88' lang='lat' dir='ltr'><strong>et</strong></span> <span class='ocrx_word' id='word_1_94' title='bbox 1403 1957 1545 2022; x_wconf 86' lang='lat' dir='ltr'><strong>alta</strong></span> <span class='ocrx_word' id='word_1_95' title='bbox 1612 1961 1731 2035; x_wconf 90' lang='lat' dir='ltr'><strong>est,</strong></span> <span class='ocrx_word' id='word_1_96' title='bbox 1798 1955 1898 2020; x_wconf 89' lang='lat' dir='ltr'><strong>ita</strong></span> <span class='ocrx_word' id='word_1_97' title='bbox 1957 1955 2132 2040; x_wconf 91' lang='lat' dir='ltr'><strong>quod</strong></span> <span class='ocrx_word' id='word_1_98' title='bbox 2195 1977 2392 2042; x_wconf 84' lang='lat' dir='ltr'><strong>super</strong></span> <span class='ocrx_word' id='word_1_99' title='bbox 2441 1977 2710 2020; x_wconf 78' lang='lat' dir='ltr'><strong>arenam</strong></span> <span class='ocrx_word' id='word_1_100' title='bbox 2760 1955 2944 2020; x_wconf 83' lang='lat' dir='ltr'><strong>illam</strong></span> 
     </span>
     <span class='ocr_line' id='line_1_12' title="bbox 828 2057 2945 2145; baseline 0 -22"><span class='ocrx_word' id='word_1_101' title='bbox 828 2080 1027 2141; x_wconf 49' lang='lat' dir='ltr'><strong>‚mare</strong></span> <span class='ocrx_word' id='word_1_102' title='bbox 1070 2081 1207 2125; x_wconf 94' lang='lat' dir='ltr'><strong>non</strong></span> <span class='ocrx_word' id='word_1_103' title='bbox 1250 2058 1452 2124; x_wconf 88' lang='lat' dir='ltr'><strong>habet</strong></span> <span class='ocrx_word' id='word_1_104' title='bbox 1497 2058 1646 2145; x_wconf 92' lang='lat' dir='ltr'><strong>plus</strong></span> <span class='ocrx_word' id='word_1_105' title='bbox 1675 2057 2148 2145; x_wconf 71' lang='lat' dir='ltr'><strong>profunditatis</strong></span> <span class='ocrx_word' id='word_1_106' title='bbox 2192 2079 2389 2144; x_wconf 83' lang='lat' dir='ltr'><strong>quam</strong></span> <span class='ocrx_word' id='word_1_107' title='bbox 2421 2062 2711 2144; x_wconf 86' lang='lat' dir='ltr'><strong>quatuor</strong></span> <span class='ocrx_word' id='word_1_108' title='bbox 2754 2057 2945 2123; x_wconf 82' lang='lat' dir='ltr'><strong>ulnas</strong></span> 
     </span>
    </p>

    <p class='ocr_par' dir='ltr' id='par_1_5' title="bbox 511 2161 3235 4088">
     <span class='ocr_line' id='line_1_13' title="bbox 848 2161 1555 2227; baseline -0.001 0"><span class='ocrx_word' id='word_1_109' title='bbox 848 2167 918 2227; x_wconf 88' lang='lat' dir='ltr'><strong>et</strong></span> <span class='ocrx_word' id='word_1_110' title='bbox 964 2161 1318 2227; x_wconf 85' lang='lat' dir='ltr'><strong>dimidium</strong></span> <span class='ocrx_word' id='word_1_111' title='bbox 1363 2161 1555 2227; x_wconf 86' lang='lat' dir='ltr'><strong>ulnae.</strong></span> 
     </span>
     <span class='ocr_line' id='line_1_14' title="bbox 513 2261 3235 2349; baseline -0.001 -19"><span class='ocrx_word' id='word_1_112' title='bbox 513 2270 719 2314; x_wconf 61' lang='lat' dir='ltr'><strong>A⁰00¹¹¹1ss</strong></span> <span class='ocrx_word' id='word_1_113' title='bbox 735 2272 788 2315; x_wconf 61' lang='grc' dir='ltr'><strong>οἳ</strong></span> <span class='ocrx_word' id='word_1_114' title='bbox 937 2265 1170 2330; x_wconf 79' lang='lat' dir='ltr'><strong>Insula</strong></span> <span class='ocrx_word' id='word_1_115' title='bbox 1231 2268 1454 2329; x_wconf 87' lang='lat' dir='ltr'><strong>autem</strong></span> <span class='ocrx_word' id='word_1_116' title='bbox 1500 2264 1582 2329; x_wconf 90' lang='lat' dir='ltr'><strong>de</strong></span> <span class='ocrx_word' id='word_1_117' title='bbox 1630 2262 1925 2329; x_wconf 85' lang='lat' dir='ltr'><strong>Cuverfu</strong></span> <span class='ocrx_word' id='word_1_118' title='bbox 1983 2284 2225 2349; x_wconf 83' lang='lat' dir='ltr'><strong>magna</strong></span> <span class='ocrx_word' id='word_1_119' title='bbox 2283 2267 2387 2328; x_wconf 89' lang='lat' dir='ltr'><strong>est</strong></span> <span class='ocrx_word' id='word_1_120' title='bbox 2445 2266 2517 2327; x_wconf 86' lang='lat' dir='ltr'><strong>et</strong></span> <span class='ocrx_word' id='word_1_121' title='bbox 2572 2261 2832 2341; x_wconf 81' lang='lat' dir='ltr'><strong>fertilis,</strong></span> <span class='ocrx_word' id='word_1_122' title='bbox 2876 2267 2948 2328; x_wconf 87' lang='lat' dir='ltr'><strong>et</strong></span> <span class='ocrx_word' id='word_1_123' title='bbox 2972 2282 3235 2338; x_wconf 64' lang='lat' dir='ltr'><strong>Emeum,</strong></span> 
     </span>
     <span class='ocr_line' id='line_1_15' title="bbox 850 2337 3227 2452; baseline -0 -22"><span class='ocrx_word' id='word_1_124' title='bbox 850 2367 1070 2432; x_wconf 87' lang='lat' dir='ltr'><strong>reddit</strong></span> <span class='ocrx_word' id='word_1_125' title='bbox 1116 2366 1386 2431; x_wconf 92' lang='lat' dir='ltr'><strong>domino</strong></span> <span class='ocrx_word' id='word_1_126' title='bbox 1431 2387 1550 2431; x_wconf 90' lang='lat' dir='ltr'><strong>suo</strong></span> <span class='ocrx_word' id='word_1_127' title='bbox 1594 2364 1978 2452; x_wconf 85' lang='lat' dir='ltr'><strong>imperatori</strong></span> <span class='ocrx_word' id='word_1_128' title='bbox 2016 2364 2624 2450; x_wconf 84' lang='lat' dir='ltr'><strong>Constantinopolis</strong></span> <span class='ocrx_word' id='word_1_129' title='bbox 2669 2364 2949 2451; x_wconf 85' lang='lat' dir='ltr'><strong>singulis</strong></span> <span class='ocrx_word' id='word_1_130' title='bbox 2972 2337 3071 2379; x_wconf 51' lang='lat' dir='ltr'><em>m</em></span> <span class='ocrx_word' id='word_1_131' title='bbox 3090 2348 3139 2380; x_wconf 71' lang='lat'><strong>⁸⁸</strong></span> <span class='ocrx_word' id='word_1_132' title='bbox 3156 2341 3227 2386; x_wconf 73' lang='lat'><strong>²²·</strong></span> 
     </span>
     <span class='ocr_line' id='line_1_16' title="bbox 848 2467 2950 2555; baseline -0 -22"><span class='ocrx_word' id='word_1_133' title='bbox 848 2470 1041 2534; x_wconf 88' lang='lat' dir='ltr'><strong>annis</strong></span> <span class='ocrx_word' id='word_1_134' title='bbox 1106 2468 1478 2555; x_wconf 85' lang='lat' dir='ltr'><strong>quindecim</strong></span> <span class='ocrx_word' id='word_1_135' title='bbox 1542 2467 1904 2554; x_wconf 88' lang='lat' dir='ltr'><strong>quintallos</strong></span> <span class='ocrx_word' id='word_1_136' title='bbox 1972 2467 2117 2532; x_wconf 86' lang='lat' dir='ltr'><strong>auri</strong></span> <span class='ocrx_word' id='word_1_137' title='bbox 2177 2467 2508 2555; x_wconf 87' lang='lat' dir='ltr'><strong>purissimi</strong></span> <span class='ocrx_word' id='word_1_138' title='bbox 2554 2467 2637 2532; x_wconf 88' lang='lat' dir='ltr'><strong>de</strong></span> <span class='ocrx_word' id='word_1_139' title='bbox 2682 2467 2950 2533; x_wconf 85' lang='lat' dir='ltr'><strong>redditu</strong></span> 
     </span>
     <span class='ocr_line' id='line_1_17' title="bbox 845 2569 2948 2657; baseline 0 -22"><span class='ocrx_word' id='word_1_140' title='bbox 845 2593 1117 2637; x_wconf 86' lang='lat' dir='ltr'><strong>annuo:</strong></span> <span class='ocrx_word' id='word_1_141' title='bbox 1186 2577 1256 2637; x_wconf 89' lang='lat' dir='ltr'><strong>et</strong></span> <span class='ocrx_word' id='word_1_142' title='bbox 1317 2571 1577 2657; x_wconf 88' lang='lat' dir='ltr'><strong>pondus</strong></span> <span class='ocrx_word' id='word_1_143' title='bbox 1622 2569 1933 2656; x_wconf 84' lang='lat' dir='ltr'><strong>quintalli</strong></span> <span class='ocrx_word' id='word_1_144' title='bbox 1978 2575 2079 2636; x_wconf 86' lang='lat' dir='ltr'><strong>est</strong></span> <span class='ocrx_word' id='word_1_145' title='bbox 2125 2570 2388 2657; x_wconf 88' lang='lat' dir='ltr'><strong>pondus</strong></span> <span class='ocrx_word' id='word_1_146' title='bbox 2429 2575 2697 2635; x_wconf 84' lang='lat' dir='ltr'><strong>eentum</strong></span> <span class='ocrx_word' id='word_1_147' title='bbox 2744 2569 2948 2636; x_wconf 83' lang='lat' dir='ltr'><strong>libra-</strong></span> 
     </span>
     <span class='ocr_line' id='line_1_18' title="bbox 848 2672 2950 2741; baseline 0 -3"><span class='ocrx_word' id='word_1_148' title='bbox 848 2696 999 2738; x_wconf 91' lang='lat' dir='ltr'><strong>rum</strong></span> <span class='ocrx_word' id='word_1_149' title='bbox 1028 2674 1189 2741; x_wconf 88' lang='lat' dir='ltr'><strong>auri.</strong></span> <span class='ocrx_word' id='word_1_150' title='bbox 1281 2674 1367 2738; x_wconf 87' lang='lat' dir='ltr'><strong>In</strong></span> <span class='ocrx_word' id='word_1_151' title='bbox 1413 2673 1630 2739; x_wconf 83' lang='lat' dir='ltr'><strong>insula</strong></span> <span class='ocrx_word' id='word_1_152' title='bbox 1674 2673 1755 2737; x_wconf 87' lang='lat' dir='ltr'><strong>de</strong></span> <span class='ocrx_word' id='word_1_153' title='bbox 1804 2672 2095 2739; x_wconf 84' lang='lat' dir='ltr'><strong>Ouverfu</strong></span> <span class='ocrx_word' id='word_1_154' title='bbox 2141 2676 2299 2737; x_wconf 89' lang='lat' dir='ltr'><strong>sunt</strong></span> <span class='ocrx_word' id='word_1_155' title='bbox 2343 2672 2650 2737; x_wconf 83' lang='lat' dir='ltr'><strong>civitates</strong></span> <span class='ocrx_word' id='word_1_156' title='bbox 2695 2684 2767 2738; x_wconf 82' lang='lat' dir='ltr'><strong>et</strong></span> <span class='ocrx_word' id='word_1_157' title='bbox 2809 2694 2950 2738; x_wconf 79' lang='lat' dir='ltr'><strong>cas-</strong></span> 
     </span>
     <span class='ocr_line' id='line_1_19' title="bbox 844 2774 2953 2854; baseline 0 -14"><span class='ocrx_word' id='word_1_158' title='bbox 844 2776 1007 2842; x_wconf 85' lang='lat' dir='ltr'><strong>tella</strong></span> <span class='ocrx_word' id='word_1_159' title='bbox 1050 2776 1266 2841; x_wconf 87' lang='lat' dir='ltr'><strong>multa</strong></span> <span class='ocrx_word' id='word_1_160' title='bbox 1326 2781 1396 2841; x_wconf 90' lang='lat' dir='ltr'><strong>et</strong></span> <span class='ocrx_word' id='word_1_161' title='bbox 1456 2775 1676 2854; x_wconf 86' lang='lat' dir='ltr'><strong>bona3</strong></span> <span class='ocrx_word' id='word_1_162' title='bbox 1721 2778 1791 2840; x_wconf 89' lang='lat' dir='ltr'><strong>et</strong></span> <span class='ocrx_word' id='word_1_163' title='bbox 1839 2774 2058 2840; x_wconf 89' lang='lat' dir='ltr'><strong>insula</strong></span> <span class='ocrx_word' id='word_1_164' title='bbox 2100 2774 2216 2839; x_wconf 85' lang='lat' dir='ltr'><strong>illa</strong></span> <span class='ocrx_word' id='word_1_165' title='bbox 2255 2774 2465 2839; x_wconf 82' lang='lat' dir='ltr'><strong>distat</strong></span> <span class='ocrx_word' id='word_1_166' title='bbox 2520 2795 2564 2838; x_wconf 88' lang='lat' dir='ltr'><strong>a</strong></span> <span class='ocrx_word' id='word_1_167' title='bbox 2622 2774 2953 2840; x_wconf 83' lang='lat' dir='ltr'><strong>Romania</strong></span> 
     </span>
     <span class='ocr_line' id='line_1_20' title="bbox 847 2876 2950 2965; baseline 0 -21"><span class='ocrx_word' id='word_1_168' title='bbox 847 2901 963 2965; x_wconf 87' lang='lat' dir='ltr'><strong>per</strong></span> <span class='ocrx_word' id='word_1_169' title='bbox 1006 2900 1123 2945; x_wconf 81' lang='lat' dir='ltr'><strong>sex</strong></span> <span class='ocrx_word' id='word_1_170' title='bbox 1167 2877 1493 2956; x_wconf 81' lang='lat' dir='ltr'><strong>milliaria,</strong></span> <span class='ocrx_word' id='word_1_171' title='bbox 1555 2877 1629 2942; x_wconf 93' lang='lat' dir='ltr'><strong>in</strong></span> <span class='ocrx_word' id='word_1_172' title='bbox 1697 2876 1813 2942; x_wconf 88' lang='lat' dir='ltr'><strong>illo</strong></span> <span class='ocrx_word' id='word_1_173' title='bbox 1880 2876 2020 2943; x_wconf 84' lang='lat' dir='ltr'><strong>loco</strong></span> <span class='ocrx_word' id='word_1_174' title='bbox 2080 2877 2457 2963; x_wconf 85' lang='lat' dir='ltr'><strong>ubicunque</strong></span> <span class='ocrx_word' id='word_1_175' title='bbox 2516 2898 2698 2944; x_wconf 88' lang='lat' dir='ltr'><strong>mare</strong></span> <span class='ocrx_word' id='word_1_176' title='bbox 2742 2878 2950 2945; x_wconf 85' lang='lat' dir='ltr'><strong>latius</strong></span> 
     </span>
     <span class='ocr_line' id='line_1_21' title="bbox 845 2980 2949 3067; baseline 0 -23"><span class='ocrx_word' id='word_1_177' title='bbox 845 2982 1049 3045; x_wconf 85' lang='lat' dir='ltr'><strong>fuerit</strong></span> <span class='ocrx_word' id='word_1_178' title='bbox 1095 2981 1273 3046; x_wconf 83' lang='lat' dir='ltr'><strong>inter</strong></span> <span class='ocrx_word' id='word_1_179' title='bbox 1317 2981 1501 3045; x_wconf 91' lang='lat' dir='ltr'><strong>illam</strong></span> <span class='ocrx_word' id='word_1_180' title='bbox 1562 2984 1633 3044; x_wconf 85' lang='lat' dir='ltr'><strong>et</strong></span> <span class='ocrx_word' id='word_1_181' title='bbox 1693 2980 2102 3046; x_wconf 84' lang='lat' dir='ltr'><strong>Romaniam.</strong></span> <span class='ocrx_word' id='word_1_182' title='bbox 2195 2980 2327 3045; x_wconf 79' lang='lat' dir='ltr'><strong>Sed</strong></span> <span class='ocrx_word' id='word_1_183' title='bbox 2388 2984 2744 3065; x_wconf 86' lang='lat' dir='ltr'><strong>antequam</strong></span> <span class='ocrx_word' id='word_1_184' title='bbox 2799 3003 2949 3067; x_wconf 80' lang='lat' dir='ltr'><strong>per-</strong></span> 
     </span>
     <span class='ocr_line' id='line_1_22' title="bbox 847 3063 2949 3150; baseline 0.001 -4"><span class='ocrx_word' id='word_1_185' title='bbox 847 3088 1124 3147; x_wconf 83' lang='lat' dir='ltr'><strong>ventum</strong></span> <span class='ocrx_word' id='word_1_186' title='bbox 1193 3081 1394 3146; x_wconf 78' lang='lat' dir='ltr'><strong>fuerit</strong></span> <span class='ocrx_word' id='word_1_187' title='bbox 1460 3081 1546 3146; x_wconf 88' lang='lat' dir='ltr'><strong>ad</strong></span> <span class='ocrx_word' id='word_1_188' title='bbox 1607 3081 1866 3145; x_wconf 81' lang='lat' dir='ltr'><strong>exitum</strong></span> <span class='ocrx_word' id='word_1_189' title='bbox 1925 3063 2162 3147; x_wconf 59' lang='lat' dir='ltr'><strong>insula}</strong></span> <span class='ocrx_word' id='word_1_190' title='bbox 2204 3081 2316 3146; x_wconf 84' lang='lat' dir='ltr'><strong>via</strong></span> <span class='ocrx_word' id='word_1_191' title='bbox 2375 3081 2651 3146; x_wconf 86' lang='lat' dir='ltr'><strong>navium</strong></span> <span class='ocrx_word' id='word_1_192' title='bbox 2695 3088 2799 3148; x_wconf 83' lang='lat' dir='ltr'><strong>est</strong></span> <span class='ocrx_word' id='word_1_193' title='bbox 2844 3084 2949 3150; x_wconf 84' lang='lat' dir='ltr'><strong>ita</strong></span> 
     </span>
     <span class='ocr_line' id='line_1_23' title="bbox 843 3183 2945 3270; baseline 0 -20"><span class='ocrx_word' id='word_1_194' title='bbox 843 3185 1078 3250; x_wconf 81' lang='lat' dir='ltr'><strong>stricta</strong></span> <span class='ocrx_word' id='word_1_195' title='bbox 1132 3184 1310 3249; x_wconf 86' lang='lat' dir='ltr'><strong>inter</strong></span> <span class='ocrx_word' id='word_1_196' title='bbox 1374 3183 1657 3249; x_wconf 82' lang='lat' dir='ltr'><strong>insulam</strong></span> <span class='ocrx_word' id='word_1_197' title='bbox 1726 3183 1911 3248; x_wconf 84' lang='lat' dir='ltr'><strong>illam</strong></span> <span class='ocrx_word' id='word_1_198' title='bbox 1955 3189 2025 3249; x_wconf 90' lang='lat' dir='ltr'><strong>et</strong></span> <span class='ocrx_word' id='word_1_199' title='bbox 2070 3184 2461 3249; x_wconf 84' lang='lat' dir='ltr'><strong>Romaniam</strong></span> <span class='ocrx_word' id='word_1_200' title='bbox 2509 3184 2686 3270; x_wconf 90' lang='lat' dir='ltr'><strong>quod</strong></span> <span class='ocrx_word' id='word_1_201' title='bbox 2744 3184 2945 3251; x_wconf 92' lang='lat' dir='ltr'><strong>homo</strong></span> 
     </span>
     <span class='ocr_line' id='line_1_24' title="bbox 844 3285 2950 3374; baseline 0.002 -25"><span class='ocrx_word' id='word_1_202' title='bbox 844 3286 1060 3350; x_wconf 82' lang='lat' dir='ltr'><strong>audiri</strong></span> <span class='ocrx_word' id='word_1_203' title='bbox 1128 3291 1350 3374; x_wconf 85' lang='lat' dir='ltr'><strong>potest</strong></span> <span class='ocrx_word' id='word_1_204' title='bbox 1415 3285 1500 3350; x_wconf 88' lang='lat' dir='ltr'><strong>ab</strong></span> <span class='ocrx_word' id='word_1_205' title='bbox 1562 3307 1699 3350; x_wconf 89' lang='lat' dir='ltr'><strong>una</strong></span> <span class='ocrx_word' id='word_1_206' title='bbox 1757 3285 1905 3371; x_wconf 83' lang='lat' dir='ltr'><strong>ripa</strong></span> <span class='ocrx_word' id='word_1_207' title='bbox 1978 3286 2052 3350; x_wconf 92' lang='lat' dir='ltr'><strong>in</strong></span> <span class='ocrx_word' id='word_1_208' title='bbox 2119 3286 2411 3352; x_wconf 83' lang='lat' dir='ltr'><strong>alteram.</strong></span> <span class='ocrx_word' id='word_1_209' title='bbox 2505 3287 2597 3352; x_wconf 89' lang='lat' dir='ltr'><strong>Et</strong></span> <span class='ocrx_word' id='word_1_210' title='bbox 2654 3287 2770 3352; x_wconf 81' lang='lat' dir='ltr'><strong>via</strong></span> <span class='ocrx_word' id='word_1_211' title='bbox 2828 3288 2950 3353; x_wconf 75' lang='lat' dir='ltr'><strong>ina</strong></span> 
     </span>
     <span class='ocr_line' id='line_1_25' title="bbox 845 3387 2947 3476; baseline 0 -22"><span class='ocrx_word' id='word_1_212' title='bbox 845 3388 1008 3454; x_wconf 86' lang='lat' dir='ltr'><strong>satis</strong></span> <span class='ocrx_word' id='word_1_213' title='bbox 1070 3387 1431 3476; x_wconf 76' lang='lat' dir='ltr'><strong>periculosa</strong></span> <span class='ocrx_word' id='word_1_214' title='bbox 1497 3392 1618 3468; x_wconf 83' lang='lat' dir='ltr'><strong>est,</strong></span> <span class='ocrx_word' id='word_1_215' title='bbox 1687 3393 1837 3453; x_wconf 91' lang='lat' dir='ltr'><strong>tum</strong></span> <span class='ocrx_word' id='word_1_216' title='bbox 1903 3387 2062 3474; x_wconf 85' lang='lat' dir='ltr'><strong>quia</strong></span> <span class='ocrx_word' id='word_1_217' title='bbox 2125 3392 2266 3452; x_wconf 87' lang='lat' dir='ltr'><strong>tam</strong></span> <span class='ocrx_word' id='word_1_218' title='bbox 2324 3388 2561 3452; x_wconf 81' lang='lat' dir='ltr'><strong>stricta</strong></span> <span class='ocrx_word' id='word_1_219' title='bbox 2617 3394 2736 3466; x_wconf 86' lang='lat' dir='ltr'><strong>est,</strong></span> <span class='ocrx_word' id='word_1_220' title='bbox 2790 3393 2947 3455; x_wconf 88' lang='lat' dir='ltr'><strong>tum</strong></span> 
     </span>
     <span class='ocr_line' id='line_1_26' title="bbox 511 3488 2945 3582; baseline 0 -27"><span class='ocrx_word' id='word_1_221' title='bbox 511 3504 745 3582; x_wconf 51' lang='lat' dir='ltr'><strong>Advfioeyo</strong></span> <span class='ocrx_word' id='word_1_222' title='bbox 850 3491 1006 3576; x_wconf 85' lang='lat' dir='ltr'><strong>quia</strong></span> <span class='ocrx_word' id='word_1_223' title='bbox 1052 3489 1343 3556; x_wconf 88' lang='lat' dir='ltr'><strong>eundum</strong></span> <span class='ocrx_word' id='word_1_224' title='bbox 1394 3494 1498 3554; x_wconf 83' lang='lat' dir='ltr'><strong>est</strong></span> <span class='ocrx_word' id='word_1_225' title='bbox 1552 3512 1671 3576; x_wconf 88' lang='lat' dir='ltr'><strong>per</strong></span> <span class='ocrx_word' id='word_1_226' title='bbox 1734 3488 2334 3555; x_wconf 82' lang='lat' dir='ltr'><strong>circumamfractus</strong></span> <span class='ocrx_word' id='word_1_227' title='bbox 2393 3494 2462 3554; x_wconf 88' lang='lat' dir='ltr'><strong>et</strong></span> <span class='ocrx_word' id='word_1_228' title='bbox 2508 3490 2945 3571; x_wconf 80' lang='lat' dir='ltr'><strong>diverticula3</strong></span> 
     </span>
     <span class='ocr_line' id='line_1_27' title="bbox 512 3567 2947 3660; baseline -0 -1"><span class='ocrx_word' id='word_1_229' title='bbox 512 3567 613 3598; x_wconf 60' lang='lat' dir='ltr'><strong>mr</strong></span> <span class='ocrx_word' id='word_1_230' title='bbox 615 3567 749 3597; x_wconf 32' lang='lat'><strong>¹¹¹¹¹¹</strong></span> <span class='ocrx_word' id='word_1_231' title='bbox 844 3600 915 3660; x_wconf 84' lang='lat' dir='ltr'><strong>et</strong></span> <span class='ocrx_word' id='word_1_232' title='bbox 960 3594 1274 3659; x_wconf 79' lang='lat' dir='ltr'><strong>dicuntur</strong></span> <span class='ocrx_word' id='word_1_233' title='bbox 1317 3593 1657 3658; x_wconf 82' lang='lat' dir='ltr'><strong>Distriotae</strong></span> <span class='ocrx_word' id='word_1_234' title='bbox 1704 3593 1785 3657; x_wconf 89' lang='lat' dir='ltr'><strong>de</strong></span> <span class='ocrx_word' id='word_1_235' title='bbox 1830 3591 2050 3656; x_wconf 86' lang='lat' dir='ltr'><strong>insula</strong></span> <span class='ocrx_word' id='word_1_236' title='bbox 2091 3593 2173 3657; x_wconf 87' lang='lat' dir='ltr'><strong>de</strong></span> <span class='ocrx_word' id='word_1_237' title='bbox 2215 3591 2522 3660; x_wconf 83' lang='lat' dir='ltr'><strong>Cuverfu.</strong></span> <span class='ocrx_word' id='word_1_238' title='bbox 2599 3592 2693 3658; x_wconf 88' lang='lat' dir='ltr'><strong>Et</strong></span> <span class='ocrx_word' id='word_1_239' title='bbox 2721 3592 2947 3659; x_wconf 84' lang='lat' dir='ltr'><strong>insula</strong></span> 
     </span>
     <span class='ocr_line' id='line_1_28' title="bbox 845 3694 2948 3781; baseline -0.001 -18"><span class='ocrx_word' id='word_1_240' title='bbox 845 3697 925 3762; x_wconf 90' lang='lat' dir='ltr'><strong>de</strong></span> <span class='ocrx_word' id='word_1_241' title='bbox 959 3695 1249 3763; x_wconf 85' lang='lat' dir='ltr'><strong>Cuverfu</strong></span> <span class='ocrx_word' id='word_1_242' title='bbox 1296 3717 1432 3761; x_wconf 93' lang='lat' dir='ltr'><strong>non</strong></span> <span class='ocrx_word' id='word_1_243' title='bbox 1476 3695 1679 3761; x_wconf 88' lang='lat' dir='ltr'><strong>habet</strong></span> <span class='ocrx_word' id='word_1_244' title='bbox 1722 3694 2071 3781; x_wconf 82' lang='lat' dir='ltr'><strong>plusquam</strong></span> <span class='ocrx_word' id='word_1_245' title='bbox 2102 3694 2587 3781; x_wconf 77' lang='lat' dir='ltr'><strong>quinquaginta</strong></span> <span class='ocrx_word' id='word_1_246' title='bbox 2628 3695 2948 3761; x_wconf 84' lang='lat' dir='ltr'><strong>milliaria</strong></span> 
     </span>
     <span class='ocr_line' id='line_1_29' title="bbox 841 3795 2941 3885; baseline 0 -22"><span class='ocrx_word' id='word_1_247' title='bbox 841 3799 916 3863; x_wconf 89' lang='lat' dir='ltr'><strong>in</strong></span> <span class='ocrx_word' id='word_1_248' title='bbox 959 3796 1429 3885; x_wconf 55' lang='lat' dir='ltr'><strong>longitudine?</strong></span> <span class='ocrx_word' id='word_1_249' title='bbox 1471 3803 1540 3861; x_wconf 91' lang='lat' dir='ltr'><strong>et</strong></span> <span class='ocrx_word' id='word_1_250' title='bbox 1583 3797 1731 3862; x_wconf 87' lang='lat' dir='ltr'><strong>ideo</strong></span> <span class='ocrx_word' id='word_1_251' title='bbox 1791 3795 2079 3861; x_wconf 81' lang='lat' dir='ltr'><strong>securius</strong></span> <span class='ocrx_word' id='word_1_252' title='bbox 2124 3801 2224 3861; x_wconf 89' lang='lat' dir='ltr'><strong>est</strong></span> <span class='ocrx_word' id='word_1_253' title='bbox 2267 3796 2604 3862; x_wconf 82' lang='lat' dir='ltr'><strong>dimittere</strong></span> <span class='ocrx_word' id='word_1_254' title='bbox 2653 3797 2941 3863; x_wconf 84' lang='lat' dir='ltr'><strong>insulam</strong></span> 
     </span>
     <span class='ocr_line' id='line_1_30' title="bbox 844 3886 2936 3985; baseline 0 -20"><span class='ocrx_word' id='word_1_255' title='bbox 844 3901 1026 3966; x_wconf 87' lang='lat' dir='ltr'><strong>illam</strong></span> <span class='ocrx_word' id='word_1_256' title='bbox 1089 3923 1131 3965; x_wconf 88' lang='lat' dir='ltr'><strong>a</strong></span> <span class='ocrx_word' id='word_1_257' title='bbox 1192 3899 1448 3963; x_wconf 86' lang='lat' dir='ltr'><strong>dextris</strong></span> <span class='ocrx_word' id='word_1_258' title='bbox 1513 3898 1770 3981; x_wconf 85' lang='lat' dir='ltr'><strong>navigii</strong></span> <span class='ocrx_word' id='word_1_259' title='bbox 1838 3886 1910 3962; x_wconf 73' lang='lat' dir='ltr'><strong>et</strong></span> <span class='ocrx_word' id='word_1_260' title='bbox 1968 3897 2066 3963; x_wconf 89' lang='lat' dir='ltr'><strong>ire</strong></span> <span class='ocrx_word' id='word_1_261' title='bbox 2126 3919 2242 3984; x_wconf 83' lang='lat' dir='ltr'><strong>per</strong></span> <span class='ocrx_word' id='word_1_262' title='bbox 2286 3919 2600 3984; x_wconf 84' lang='lat' dir='ltr'><strong>magnum</strong></span> <span class='ocrx_word' id='word_1_263' title='bbox 2644 3899 2936 3985; x_wconf 80' lang='lat' dir='ltr'><strong>pelagus,</strong></span> 
     </span>
     <span class='ocr_line' id='line_1_31' title="bbox 846 3999 2941 4088; baseline 0 -21"><span class='ocrx_word' id='word_1_264' title='bbox 846 4004 938 4068; x_wconf 87' lang='lat' dir='ltr'><strong>Et</strong></span> <span class='ocrx_word' id='word_1_265' title='bbox 981 4008 1337 4087; x_wconf 84' lang='lat' dir='ltr'><strong>antequam</strong></span> <span class='ocrx_word' id='word_1_266' title='bbox 1366 4004 1762 4088; x_wconf 82' lang='lat' dir='ltr'><strong>perventum</strong></span> <span class='ocrx_word' id='word_1_267' title='bbox 1806 3999 2007 4064; x_wconf 86' lang='lat' dir='ltr'><strong>fuerit</strong></span> <span class='ocrx_word' id='word_1_268' title='bbox 2052 4021 2137 4064; x_wconf 81' lang='lat' dir='ltr'><strong>ex</strong></span> <span class='ocrx_word' id='word_1_269' title='bbox 2164 4004 2312 4064; x_wconf 89' lang='lat' dir='ltr'><strong>toto</strong></span> <span class='ocrx_word' id='word_1_270' title='bbox 2341 3999 2428 4064; x_wconf 83' lang='lat' dir='ltr'><strong>ad</strong></span> <span class='ocrx_word' id='word_1_271' title='bbox 2456 3999 2714 4065; x_wconf 84' lang='lat' dir='ltr'><strong>exitum</strong></span> <span class='ocrx_word' id='word_1_272' title='bbox 2756 4001 2941 4067; x_wconf 79' lang='lat' dir='ltr'><strong>iuius</strong></span> 
     </span>
    </p>
   </div>
   <div class='ocr_carea' id='block_1_4' title="bbox 853 4151 2927 4179">
    <p class='ocr_par' dir='ltr' id='par_1_6' title="bbox 853 4151 2927 4179">
     <span class='ocr_line' id='line_1_32' title="bbox 2206 4151 2215 4159; baseline 0 0"><span class='ocrx_word' id='word_1_273' title='bbox 2206 4151 2215 4159; x_wconf 63' lang='lat' dir='ltr'>a</span> 
     </span>
     <span class='ocr_line' id='line_1_33' title="bbox 853 4166 2927 4179; baseline -0.002 0"><span class='ocrx_word' id='word_1_274' title='bbox 853 4166 2927 4179; x_wconf 41' lang='lat' dir='ltr'><strong>*wa-mm*</strong></span> 
     </span>
    </p>
   </div>
   <div class='ocr_carea' id='block_1_5' title="bbox 843 4267 2937 4413">
    <p class='ocr_par' dir='ltr' id='par_1_7' title="bbox 843 4267 2937 4413">
     <span class='ocr_line' id='line_1_34' title="bbox 909 4267 2937 4334; baseline -0.001 -12"><span class='ocrx_word' id='word_1_275' title='bbox 909 4273 925 4306; x_wconf 88' lang='lat'><em>¹</em></span> <span class='ocrx_word' id='word_1_276' title='bbox 960 4279 1006 4322; x_wconf 76' lang='lat' dir='ltr'><strong>et</strong></span> <span class='ocrx_word' id='word_1_277' title='bbox 1029 4273 1155 4321; x_wconf 79' lang='lat' dir='ltr'><strong>inter</strong></span> <span class='ocrx_word' id='word_1_278' title='bbox 1188 4307 1201 4320; x_wconf 89' lang='lat'><strong>.</strong></span> <span class='ocrx_word' id='word_1_279' title='bbox 1239 4306 1252 4319; x_wconf 88' lang='lat'><strong>.</strong></span> <span class='ocrx_word' id='word_1_280' title='bbox 1288 4306 1303 4319; x_wconf 90' lang='lat'><strong>.</strong></span> <span class='ocrx_word' id='word_1_281' title='bbox 1336 4267 1509 4334; x_wconf 69' lang='lat' dir='ltr'><strong>navis]</strong></span> <span class='ocrx_word' id='word_1_282' title='bbox 1547 4282 1646 4318; x_wconf 90' lang='lat' dir='ltr'><strong>om.</strong></span> <span class='ocrx_word' id='word_1_283' title='bbox 1671 4267 1844 4319; x_wconf 79' lang='lat' dir='ltr'><strong>Hove-</strong></span> <span class='ocrx_word' id='word_1_284' title='bbox 1931 4268 2128 4332; x_wconf 76' lang='lat' dir='ltr'><strong>greatly</strong></span> <span class='ocrx_word' id='word_1_285' title='bbox 2152 4267 2385 4333; x_wconf 81' lang='lat' dir='ltr'><strong>abridges</strong></span> <span class='ocrx_word' id='word_1_286' title='bbox 2408 4267 2495 4318; x_wconf 84' lang='lat' dir='ltr'><strong>the</strong></span> <span class='ocrx_word' id='word_1_287' title='bbox 2517 4275 2640 4326; x_wconf 83' lang='lat' dir='ltr'><strong>text,</strong></span> <span class='ocrx_word' id='word_1_288' title='bbox 2663 4270 2806 4330; x_wconf 72' lang='lat' dir='ltr'><strong>adds,</strong></span> <span class='ocrx_word' id='word_1_289' title='bbox 2835 4275 2937 4321; x_wconf 82' lang='lat' dir='ltr'><strong>“et</strong></span> 
     </span>
     <span class='ocr_line' id='line_1_35' title="bbox 843 4346 2935 4413; baseline -0.006 -10"><span class='ocrx_word' id='word_1_290' title='bbox 843 4355 938 4403; x_wconf 86' lang='lat' dir='ltr'><strong>den</strong></span> <span class='ocrx_word' id='word_1_291' title='bbox 1931 4350 1962 4375; x_wconf 92' lang='lat'><strong>“</strong></span> <span class='ocrx_word' id='word_1_292' title='bbox 1995 4348 2129 4397; x_wconf 82' lang='lat' dir='ltr'><strong>inter</strong></span> <span class='ocrx_word' id='word_1_293' title='bbox 2146 4346 2368 4397; x_wconf 78' lang='lat' dir='ltr'><strong>Cuverfu</strong></span> <span class='ocrx_word' id='word_1_294' title='bbox 2388 4354 2442 4396; x_wconf 82' lang='lat' dir='ltr'><strong>et</strong></span> <span class='ocrx_word' id='word_1_295' title='bbox 2461 4346 2708 4411; x_wconf 76' lang='lat' dir='ltr'><strong>Apuliam</strong></span> <span class='ocrx_word' id='word_1_296' title='bbox 2728 4363 2935 4413; x_wconf 75' lang='lat' dir='ltr'><strong>eompu-</strong></span> 
     </span>
    </p>
   </div>
   <div class='ocr_carea' id='block_1_6' title="bbox 840 4425 2935 4728">
    <p class='ocr_par' dir='ltr' id='par_1_8' title="bbox 840 4425 2935 4728">
     <span class='ocr_line' id='line_1_36' title="bbox 908 4425 2935 4494; baseline -0.001 -13"><span class='ocrx_word' id='word_1_297' title='bbox 908 4431 930 4465; x_wconf 70' lang='lat'><strong>‘0&#39;</strong></span> <span class='ocrx_word' id='word_1_298' title='bbox 968 4428 1228 4494; x_wconf 72' lang='lat' dir='ltr'><strong>Sequitur]</strong></span> <span class='ocrx_word' id='word_1_299' title='bbox 1272 4443 1370 4478; x_wconf 88' lang='lat' dir='ltr'><strong>om.</strong></span> <span class='ocrx_word' id='word_1_300' title='bbox 1416 4427 1683 4487; x_wconf 81' lang='lat' dir='ltr'><strong>Hoveden,</strong></span> <span class='ocrx_word' id='word_1_301' title='bbox 1726 4425 1843 4475; x_wconf 72' lang='lat' dir='ltr'><strong>who</strong></span> <span class='ocrx_word' id='word_1_302' title='bbox 1932 4428 1964 4455; x_wconf 87' lang='lat'><strong>“</strong></span> <span class='ocrx_word' id='word_1_303' title='bbox 1998 4431 2172 4476; x_wconf 76' lang='lat' dir='ltr'><strong>tantur</strong></span> <span class='ocrx_word' id='word_1_304' title='bbox 2191 4441 2236 4475; x_wconf 84' lang='lat' dir='ltr'><strong>c.</strong></span> <span class='ocrx_word' id='word_1_305' title='bbox 2258 4425 2510 4486; x_wconf 77' lang='lat' dir='ltr'><strong>milliaria,</strong></span> <span class='ocrx_word' id='word_1_306' title='bbox 2532 4434 2585 4476; x_wconf 83' lang='lat' dir='ltr'><strong>et</strong></span> <span class='ocrx_word' id='word_1_307' title='bbox 2604 4426 2759 4477; x_wconf 75' lang='lat' dir='ltr'><strong>facile</strong></span> <span class='ocrx_word' id='word_1_308' title='bbox 2789 4427 2935 4478; x_wconf 76' lang='lat' dir='ltr'><strong>vide-</strong></span> 
     </span>
     <span class='ocr_line' id='line_1_37' title="bbox 841 4504 2932 4573; baseline -0.002 -12"><span class='ocrx_word' id='word_1_309' title='bbox 841 4511 948 4563; x_wconf 82' lang='lat' dir='ltr'><strong>still</strong></span> <span class='ocrx_word' id='word_1_310' title='bbox 968 4509 1219 4573; x_wconf 80' lang='lat' dir='ltr'><strong>abridges.</strong></span> <span class='ocrx_word' id='word_1_311' title='bbox 1929 4509 1962 4534; x_wconf 91' lang='lat'><strong>“</strong></span> <span class='ocrx_word' id='word_1_312' title='bbox 1995 4512 2082 4556; x_wconf 79' lang='lat' dir='ltr'><strong>tur</strong></span> <span class='ocrx_word' id='word_1_313' title='bbox 2114 4504 2336 4556; x_wconf 77' lang='lat' dir='ltr'><strong>Caverfu</strong></span> <span class='ocrx_word' id='word_1_314' title='bbox 2373 4507 2437 4556; x_wconf 76' lang='lat' dir='ltr'><strong>ab</strong></span> <span class='ocrx_word' id='word_1_315' title='bbox 2476 4505 2576 4555; x_wconf 74' lang='lat' dir='ltr'><strong>iuis</strong></span> <span class='ocrx_word' id='word_1_316' title='bbox 2612 4505 2698 4570; x_wconf 87' lang='lat' dir='ltr'><strong>qni</strong></span> <span class='ocrx_word' id='word_1_317' title='bbox 2730 4514 2848 4557; x_wconf 79' lang='lat' dir='ltr'><strong>sunt</strong></span> <span class='ocrx_word' id='word_1_318' title='bbox 2880 4507 2932 4556; x_wconf 88' lang='lat' dir='ltr'><strong>in</strong></span> 
     </span>
     <span class='ocr_line' id='line_1_38' title="bbox 905 4582 2935 4653; baseline -0 -16"><span class='ocrx_word' id='word_1_319' title='bbox 905 4590 927 4622; x_wconf 77' lang='lat'><strong>⁸</strong></span> <span class='ocrx_word' id='word_1_320' title='bbox 967 4586 1212 4653; x_wconf 80' lang='lat' dir='ltr'><strong>Cuversu]</strong></span> <span class='ocrx_word' id='word_1_321' title='bbox 1249 4600 1426 4636; x_wconf 79' lang='lat' dir='ltr'><strong>versus</strong></span> <span class='ocrx_word' id='word_1_322' title='bbox 1447 4590 1632 4635; x_wconf 79' lang='lat' dir='ltr'><strong>terram</strong></span> <span class='ocrx_word' id='word_1_323' title='bbox 1669 4582 1841 4644; x_wconf 71' lang='lat' dir='ltr'><strong>Sufiae,</strong></span> <span class='ocrx_word' id='word_1_324' title='bbox 1930 4586 1963 4612; x_wconf 89' lang='lat'><strong>“</strong></span> <span class='ocrx_word' id='word_1_325' title='bbox 1998 4584 2206 4648; x_wconf 78' lang='lat' dir='ltr'><strong>Apulia,</strong></span> <span class='ocrx_word' id='word_1_326' title='bbox 2231 4585 2319 4634; x_wconf 81' lang='lat' dir='ltr'><strong>sed</strong></span> <span class='ocrx_word' id='word_1_327' title='bbox 2350 4600 2453 4634; x_wconf 87' lang='lat' dir='ltr'><strong>non</strong></span> <span class='ocrx_word' id='word_1_328' title='bbox 2476 4600 2506 4634; x_wconf 83' lang='lat' dir='ltr'><strong>e</strong></span> <span class='ocrx_word' id='word_1_329' title='bbox 2527 4599 2791 4648; x_wconf 76' lang='lat' dir='ltr'><strong>converso,</strong></span> <span class='ocrx_word' id='word_1_330' title='bbox 2812 4586 2935 4650; x_wconf 81' lang='lat' dir='ltr'><strong>quia</strong></span> 
     </span>
     <span class='ocr_line' id='line_1_39' title="bbox 840 4663 2933 4728; baseline -0.003 -7"><span class='ocrx_word' id='word_1_331' title='bbox 840 4671 954 4721; x_wconf 78' lang='lat' dir='ltr'><strong>add.</strong></span> <span class='ocrx_word' id='word_1_332' title='bbox 980 4668 1045 4719; x_wconf 87' lang='lat' dir='ltr'><strong>H.</strong></span> <span class='ocrx_word' id='word_1_333' title='bbox 1930 4667 1961 4691; x_wconf 91' lang='lat'>“</span> <span class='ocrx_word' id='word_1_334' title='bbox 1993 4663 2188 4728; x_wconf 82' lang='lat' dir='ltr'><strong>Apulia</strong></span> <span class='ocrx_word' id='word_1_335' title='bbox 2208 4672 2340 4715; x_wconf 81' lang='lat' dir='ltr'><strong>terra</strong></span> <span class='ocrx_word' id='word_1_336' title='bbox 2360 4665 2506 4715; x_wconf 77' lang='lat' dir='ltr'><strong>bassa</strong></span> <span class='ocrx_word' id='word_1_337' title='bbox 2538 4671 2615 4714; x_wconf 76' lang='lat' dir='ltr'><strong>est</strong></span> <span class='ocrx_word' id='word_1_338' title='bbox 2633 4670 2686 4714; x_wconf 85' lang='lat' dir='ltr'><strong>et</strong></span> <span class='ocrx_word' id='word_1_339' title='bbox 2708 4663 2933 4715; x_wconf 79' lang='lat' dir='ltr'><strong>caverfu</strong></span> 
     </span>
    </p>
   </div>
   <div class='ocr_carea' id='block_1_7' title="bbox 905 4732 2295 4803">
    <p class='ocr_par' dir='ltr' id='par_1_9' title="bbox 905 4732 2295 4803">
     <span class='ocr_line' id='line_1_40' title="bbox 905 4732 2295 4803; baseline -0.001 -8"><span class='ocrx_word' id='word_1_340' title='bbox 905 4747 927 4779; x_wconf 82' lang='lat'><strong>⁴</strong></span> <span class='ocrx_word' id='word_1_341' title='bbox 961 4747 1097 4796; x_wconf 80' lang='lat' dir='ltr'><strong>Here</strong></span> <span class='ocrx_word' id='word_1_342' title='bbox 1133 4732 1395 4803; x_wconf 83' lang='lat' dir='ltr'><strong>IIoveden,</strong></span> <span class='ocrx_word' id='word_1_343' title='bbox 1418 4742 1535 4793; x_wconf 71' lang='lat' dir='ltr'><strong>who</strong></span> <span class='ocrx_word' id='word_1_344' title='bbox 1574 4741 1840 4793; x_wconf 81' lang='lat' dir='ltr'><strong>otherwise</strong></span> <span class='ocrx_word' id='word_1_345' title='bbox 1928 4748 1961 4771; x_wconf 83' lang='lat'><strong>‘⁴</strong></span> <span class='ocrx_word' id='word_1_346' title='bbox 1994 4750 2128 4793; x_wconf 83' lang='lat' dir='ltr'><strong>terra</strong></span> <span class='ocrx_word' id='word_1_347' title='bbox 2149 4742 2295 4793; x_wconf 84' lang='lat' dir='ltr'><strong>alta.”</strong></span> 
     </span>
    </p>
   </div>
  </div>
 </body>
</html>
