3585 5863
1472 931 1774 984 chRm.
2562 917 2691 986 183

592 1109 634 1144 “
679 1128 866 1173 suam
908 1108 1025 1186 ire,
1065 1107 1263 1175 liceat
1302 1108 1364 1174 ei
1409 1107 1620 1176 facere
1665 1107 1842 1196 quod
1886 1107 2069 1191 velit,
2116 1110 2187 1173 et
2229 1106 2407 1194 quod
2450 1105 2579 1174 sibi
2621 1112 2693 1176 et
2747 1129 2859 1177 Aa).
2873 1131 2992 1178 11⁹1.

593 1216 634 1248 “
681 1212 818 1276 suis
863 1211 1267 1278 commodius
1311 1211 1635 1278 videtur.''

679 1313 811 1380 Die
870 1315 1184 1380 vicefflma
1249 1314 1454 1380 tertia
1514 1315 1758 1381 mensis
1824 1315 1871 1380 J
1876 1313 2014 1393 ulii,
2059 1334 2207 1381 cum
2269 1313 2688 1402 divulgatum
2714 1330 2984 1441 ngffibffi

469 1414 484 1435 '
591 1422 762 1483 esset
805 1436 924 1504 per
966 1418 1332 1484 exercitum
1377 1417 1555 1505 quod
1599 1440 1721 1484 rex
1765 1416 2063 1484 Franciae
2107 1418 2453 1497 recederet,
2493 1437 2688 1483 vene-
2712 1448 2764 1491 or
2786 1446 2983 1500 Pham·-

265 2576 484 2679 ξέῗέἓὶ·

587 1524 750 1585 runt
806 1520 894 1586 ad
937 1543 1088 1587 eum
1132 1522 1462 1610 principes
1506 1522 1838 1594 exercitus
1882 1522 2006 1603 sui,
2050 1527 2122 1587 et
2164 1522 2692 1609 postulaverunt,
2714 1499 3015 1600 fflzobffiq.

585 1643 672 1689 ne
738 1623 839 1689 ita
899 1625 1321 1712 impudenter
1382 1647 1427 1691 a
1482 1625 1758 1692 servitio
1818 1625 1948 1691 Dei
2013 1626 2386 1707 recederet;
2445 1625 2563 1692 sed
2613 1631 2692 1692 ut

584 1728 937 1814 respiceret
980 1734 1166 1795 actus
1233 1729 1782 1816 praedecessorum
1849 1749 2132 1808 suorum,
2177 1734 2248 1795 et
2291 1729 2691 1816 dignitatem

584 1830 758 1917 regis
821 1830 1225 1897 Francorum
1293 1831 1657 1898 custodiret
1717 1832 2007 1899 illaesam.
2115 1830 2467 1898 Consensit
2529 1837 2691 1898 tunc

586 1933 862 2000 consilio
905 1934 1202 2000 fidelium
1247 1955 1536 2014 suorum,
1568 1940 1641 2000 et
1684 1956 1985 2020 quaerens
2030 1934 2432 2001 occasionem
2478 1956 2691 2001 rema-

585 2037 791 2102 nendi
852 2037 1100 2103 iterum
1162 2038 1531 2125 postulavit
1594 2060 1637 2103 a
1701 2057 1857 2125 rege
1923 2038 2191 2126 Angliae
2263 2038 2687 2105 medietatem

585 2141 818 2207 insulae
864 2141 1120 2229 Cyprae,
1167 2140 1283 2207 sed
1327 2141 1496 2208 nihil
1540 2142 1970 2230 impetravit3
2014 2147 2085 2208 et
2127 2142 2368 2209 exinde
2413 2147 2561 2210 orta
2589 2148 2690 2209 est
2713 2159 2789 2205 110
2803 2160 3010 2255 Qun-rus

583 2243 910 2311 discordia
953 2266 1202 2331 magna
1243 2244 1424 2312 inter
1468 2267 1616 2326 eos3
1683 2251 1912 2311 tamen
1956 2265 2075 2333 per
2117 2246 2470 2312 consilium
2515 2247 2685 2334 sapi·
2710 2211 3024 2360 ffigffln'

581 2351 813 2413 entmn
879 2347 1176 2414 virorum
1244 2348 1593 2436 utriusque
1659 2347 1922 2435 quievit
1987 2348 2386 2437 indignatio,
2414 2354 2485 2416 et
2526 2348 2686 2416 facti
2772 2326 2797 2359 ⁰

579 2456 740 2517 sunt
784 2450 995 2518 amici.

668 2554 798 2620 Die
842 2552 1155 2620 vicesima
1199 2558 1390 2620 sexta
1433 2551 1677 2620 mensis
1718 2552 1768 2619 J
1771 2553 1909 2633 ulii,
1957 2576 2074 2642 per
2116 2553 2463 2621 consilium
2510 2552 2685 2643 regis
2778 2560 2893 2618 ³1:15
2907 2565 2974 2609 2⁰-

581 2655 895 2738 Franciae,
942 2657 1133 2723 venit
1181 2657 1523 2724 Conradus
1571 2657 1869 2723 Marchio
1901 2662 1971 2723 et
2016 2657 2308 2745 procidit
2351 2658 2438 2723 ad
2485 2657 2683 2745 pedes
2708 2627 2987 2723 (1)ιῖἶῖᾰῶ

583 2759 759 2848 regis
828 2759 1110 2847 Angliae,
1156 2760 1421 2826 veniam
1464 2763 1696 2848 petens
1756 2766 1827 2825 et
1890 2759 2252 2847 accipiens3
2306 2760 2459 2825 odio
2505 2760 2681 2826 enim
2705 2728 3019 2877 ffifflfflffl

579 2861 771 2929 illum
835 2863 1128 2929 habebat
1190 2884 1313 2929 rex
1355 2862 1621 2950 Angliae
1681 2867 1959 2952 propter
2025 2862 2399 2929 Guidonem
2460 2884 2680 2953 regem

579 2967 969 3034 Jerusalem.
1063 2965 1149 3032 In
1216 2967 1523 3049 crastim,
1572 2966 1823 3034 scilicet
1868 2967 1977 3033 die
2042 2966 2356 3034 vicesima
2399 2967 2684 3055 septima
2772 2988 2887 3042 suls
2903 2991 2969 3037 τι.

578 3071 825 3138 mensis
886 3070 934 3136 J
937 3069 1076 3150 ulii,
1139 3073 1590 3139 convenerunt
1663 3091 1850 3159 reges
1915 3069 1991 3137 in
2055 3092 2263 3137 unum
2332 3070 2566 3152 locum,
2614 3075 2683 3136 et
2705 3055 2996 3169 ἓωὲἓςξᾱ

580 3174 802 3240 Guido
868 3173 951 3240 de
1027 3172 1309 3239 Lizinan
1382 3179 1453 3240 et
1526 3173 1870 3240 Conradus
1944 3172 2239 3240 marchio
2283 3194 2433 3239 cum
2508 3172 2641 3239 mis
2665 3197 2682 3253 ;
2704 3120 3004 3252 ξξῖἷζξᾞ

578 3277 960 3365 cunctisque
1001 3276 1447 3343 residentibus
1491 3276 1669 3343 idem
1699 3275 2041 3344 Conradus
2072 3276 2377 3354 surrexit,
2412 3281 2483 3342 et
2509 3274 2682 3341 facto
2703 3260 3018 3355 {fflffifind

579 3380 844 3447 silentio
917 3379 1118 3467 petiit
1193 3377 1324 3445 sibi
1384 3399 1662 3466 regnum
1706 3378 1754 3445 J
1758 3377 2324 3445 erosolimitanum
2394 3378 2476 3444 de
2527 3378 2680 3465 jure
2704 3360 2992 3463 ffflffiss

580 3485 807 3550 uxoris
875 3505 1030 3565 suae,
1098 3479 1394 3570 [sororis]
1444 3480 1725 3577 Sibyllse
1781 3482 2049 3568 reginae,
2094 3502 2243 3568 quse
2303 3480 2446 3547 sine
2500 3481 2683 3569 prole
2704 3462 2800 3507 ’Μ
2814 3463 2998 3508 bamus.

581 3587 871 3653 decessit.
1006 3585 1229 3651 Guido
1295 3584 1377 3650 de
1453 3583 1735 3649 Lizinan
1808 3584 2080 3672 petebat
2136 3583 2316 3649 idem
2382 3604 2678 3671 regnum,

581 3690 840 3756 desicut
887 3688 1001 3755 ille
1043 3710 1168 3754 rex
1211 3687 1370 3753 inde
1414 3686 1785 3768 exstiterat,
1834 3691 1905 3752 ct
1964 3685 2041 3751 in
2084 3684 2269 3752 nullo
2314 3684 2683 3772 deliquerat

580 3814 780 3879 quare
824 3792 994 3857 illud
1037 3791 1306 3858 deberet
1350 3790 1701 3857 amittere:
1751 3794 1822 3856 et
1851 3793 2131 3876 uterque
2162 3787 2428 3854 illorum
2459 3790 2681 3876 posuit

577 3917 646 3961 se
691 3897 767 3961 in
820 3894 1071 3981 judicio
1117 3900 1186 3961 et
1231 3893 1502 3961 consilio
1546 3914 1776 3980 regum
1824 3890 2125 3958 Franciae
2170 3895 2240 3958 et
2283 3892 2564 3979 Angliae‚
2613 3898 2681 3959 et

579 3999 1222 4085 archiepiscoporum
1252 4003 1323 4064 et
1367 3996 1744 4084 praesulum,
1778 4000 1851 4062 et
1893 3996 2211 4063 comitum
2241 3999 2311 4061 et
2354 3995 2677 4062 baronum

579 4102 923 4169 exercitus
1015 4101 1350 4188 Factaque
1393 4122 1528 4188 pax
1572 4106 1640 4167 et
1669 4097 1889 4166 finalis
1934 4098 2280 4166 concordia
2307 4098 2485 4165 inter
2511 4099 2678 4178 illos

578 4205 848 4273 consilio
893 4210 964 4272 et
1017 4204 1275 4291 judicio
1327 4203 1798 4292 praedictorum
1841 4224 2078 4293 regum
2122 4207 2192 4269 et
2234 4202 2445 4269 totius
2489 4222 2676 4268 exer·

579 4310 753 4376 citus
795 4309 869 4375 in
911 4309 1092 4375 h'unc
1135 4308 1424 4376 modum.

664 4413 796 4481 Die
838 4412 886 4478 J
889 4411 1015 4479 ulii
1057 4413 1371 4479 vicesima
1415 4416 1653 4480 octava
1694 4429 1880 4500 reges
1936 4407 2237 4477 Francius
2280 4412 2352 4476 et
2395 4406 2680 4497 Angliae,
2772 4424 2884 4480 suu
2898 4426 2965 4472 εει

577 4520 647 4583 et
690 4538 917 4584 omnes
960 4516 1288 4607 principes
1332 4516 1659 4583 exercitus
1720 4518 2171 4581 convenerunt
2222 4510 2311 4579 ad
2354 4511 2680 4601 palatium
2703 4544 2780 4588 ω.»
2848 4500 3015 4588 ff

576 4622 650 4687 in
713 4640 846 4708 (1¹1⁰
912 4642 1035 4687 rex
1106 4619 1374 4707 Angliae
1450 4624 1594 4688 erat
1666 4618 2091 4707 hospitatum
2166 4621 2235 4681 et
2311 4614 2531 4682 Guido
2596 4616 2680 4683 de
2703 4594 2786 4640 ⁶¹¹⁶
2801 4595 3018 4642 ‘mmm‘

586 4724 903 4821 Lisinant
969 4729 1042 4791 et
1104 4722 1449 4792 conradus
1511 4721 1811 4791 Marchio
1873 4742 2023 4790 cum
2088 4714 2227 4787 illis
2269 4719 2357 4789 ad
2403 4718 2681 4788 audien·

575 4828 735 4896 dum
771 4827 1105 4916 jndicium
1150 4848 1360 4897 suum.
