3585 5863
208 1110 453 1151 maan.

216 3766 321 3812 Joel
338 3769 389 3813 ii.
402 3772 470 3812 14.

217 4134 469 4231 ἒῗὶᾶῖἓ

212 4419 462 4516 2¹52&

1289 883 1583 931 HENRICI
1628 882 1948 933 sssctmm.
2588 878 2670 941 19

573 1054 614 1082 “
650 1071 874 1110 necnon
932 1052 1507 1125 archiepiscoporum
1578 1061 1639 1111 et
1709 1056 2119 1129 episcoporum
2178 1064 2354 1131 atque
2420 1061 2670 1117 aliorum
2730 1067 2973 1113 A·D·1187·

2711 1117 2911 1161 October
2926 1124 2990 1163 29.

569 1141 608 1167 “
647 1139 1027 1210 proelatorum
1067 1136 1385 1208 [ecclesiffl]
1415 1138 1528 1193 Dei
1564 1142 1928 1209 protectione
1967 1142 2308 1207 consistant,
2350 1150 2411 1200 et
2445 1145 2670 1201 nullam
2697 1185 2792 1227 'rho
2809 1187 2948 1237 goods

571 1225 611 1251 “
652 1222 724 1277 de
758 1222 835 1278 iis
873 1239 1005 1294 quoe
1059 1222 1125 1276 in
1160 1221 1529 1293 susceptione
1565 1224 1759 1278 crucis
1811 1225 2008 1295 quiete
2045 1227 2447 1296 possederunt,
2489 1229 2671 1285 donec
2696 1237 2747 1277 οἵ
2763 1237 3006 1279 crusaders

2695 1287 2914 1329 aretobe

574 1307 613 1333 ‘⁶
652 1306 726 1362 de
779 1307 1043 1378 ipsorum
1092 1305 1292 1361 reditu
1340 1305 1438 1360 vel
1489 1306 1654 1361 obitu
1703 1308 2034 1363 certissime
2091 1317 2492 1381 cognoscatur,
2547 1332 2674 1368 sus·
2697 1337 2847 1379 under
2863 1349 2965 1388 pm.

573 1391 613 1417 “
652 1390 877 1446 tineant
912 1390 1331 1461 quaestionem:
1391 1388 1497 1444 sed
1547 1390 1699 1445 bona
1752 1409 1954 1446 eorum
2011 1393 2245 1464 integra
2280 1395 2517 1451 interim
2553 1415 2673 1451 ma-
2697 1387 2870 1429 tot-tion
2889 1389 2943 1430 0‘

573 1475 613 1500 “
649 1478 829 1529 neant
886 1479 946 1527 et
1004 1472 1222 1544 quieta.
1311 1471 1409 1527 Ad
1458 1472 1678 1528 dandas
1743 1492 1974 1545 quoque
2027 1494 2236 1532 usuras
2289 1478 2340 1532 si
2399 1486 2673 1535 tenentur

572 1558 613 1584 “
651 1556 848 1622 alicui,
886 1574 1002 1612 non
1038 1560 1357 1628 cogantur;
1397 1573 1505 1612 nec
1542 1563 1679 1611 eant
1712 1557 1775 1611 in
1810 1559 2071 1614 vestibus
2109 1561 2401 1631 pretiosis,
2443 1568 2503 1618 et
2538 1582 2675 1618 cum

571 1642 613 1669 ‘⁶
652 1641 893 1697 canibus
931 1641 1056 1696 sive
1093 1641 1320 1705 avibus,
1361 1646 1465 1696 aut
1499 1640 1634 1697 aliis
1672 1660 1805 1712 quae
1853 1645 2227 1700 ostentationi
2262 1646 2457 1717 potius
2497 1666 2674 1718 quam

571 1725 613 1752 ‘⁶
647 1723 1000 1780 necessariis
1035 1723 1353 1780 videantur
1386 1723 1594 1779 usibus
1632 1724 1969 1781 deserviret
2025 1728 2130 1782 sed
2175 1727 2238 1782 in
2273 1729 2537 1785 modesto
2572 1748 2671 1801 ap-

569 1809 610 1837 “
648 1813 861 1880 paratu
914 1812 975 1863 et
1023 1807 1250 1873 habitu,
1295 1806 1360 1861 in
1414 1824 1531 1878 quo
1572 1808 1977 1880 poenitentiam
2012 1809 2210 1881 potius
2261 1829 2440 1884 agere
2496 1831 2671 1884 quam

569 1893 611 1920 “
648 1890 881 1946 inanem
916 1890 1189 1946 affectare
1226 1888 1481 1961 gloriam
1513 1890 1891 1947 videantur.'’

2697 1437 2780 1480 the
2797 1438 2904 1490 holy
2921 1450 3008 1481 sec.

983 2120 1022 2146 ‘⁶
1045 2120 1193 2173 Item
1216 2116 1454 2189 epistola
1490 2116 1743 2187 ejusdem
1782 2116 2042 2189 G'reyorii
2068 2119 2280 2191 papae)

643 2250 681 2276 “
709 2246 1033 2319 Gregorius
1085 2247 1414 2319 episcopus,
1455 2263 1662 2302 servus
1719 2264 2026 2303 servorum
2075 2248 2207 2312 Dei,
2249 2249 2547 2305 universis
2598 2248 2673 2304 ad
2713 2258 2913 2303 October
2928 2261 2993 2304 29.

570 2335 610 2361 “
650 2351 795 2405 quos
830 2333 1046 2388 litterae
1083 2332 1214 2387 istae
1249 2330 1646 2402 pervenerint,
1688 2331 1943 2387 salutem
1980 2338 2039 2385 et
2088 2333 2466 2404 apostolicam
2502 2334 2673 2388 bene·
2697 2326 2918 2419 ξῖἷῗᾝ.

594 2420 610 2445 ‘
648 2416 979 2472 dictionem.
1054 2415 1375 2486 Nunquam
1423 2413 1637 2468 melius
1677 2412 1932 2485 Superni
1970 2414 2010 2468 J
2013 2414 2201 2470 udicis
2243 2416 2333 2470 ira
2384 2417 2668 2487 placatur,
2695 2409 2985 2487 dains'arpst

569 2502 611 2528 “
649 2518 826 2571 quam
861 2517 997 2556 cum
1033 2516 1104 2554 ex
1138 2497 1413 2553 mandato
1437 2484 1638 2568 Ipsius
1675 2497 1934 2552 carnalia
1957 2497 2020 2551 in
2054 2499 2223 2553 nobis
2249 2499 2543 2554 desideria
2578 2519 2672 2554 ex·
2695 2477 2978 2579 Ξζζγῖοξῖᾆο

569 2585 611 2612 “
649 2585 1044 2655 stinguuntur.
1115 2580 1375 2637 Proinde
1413 2580 1553 2652 quia
1589 2581 1629 2635 J
1632 2581 2083 2636 erosolimitanae
2119 2588 2294 2637 terrae
2331 2582 2666 2648 discrimen,
2726 2590 2902 2620 camon

570 2668 612 2694 “
649 2667 806 2737 quod
840 2665 1202 2720 irruentibus
1242 2664 1552 2720 Saracenis
1588 2681 1777 2734 nuper
1804 2664 2018 2728 evenit,
2051 2681 2122 2718 ex
2157 2671 2396 2736 peccato
2419 2666 2671 2720 maxime

568 2752 609 2779 “
645 2750 1039 2805 habitatorum
1072 2754 1268 2811 terrae,
1302 2765 1370 2802 ac
1406 2746 1588 2802 totius
1624 2746 1828 2818 populi
1868 2747 2209 2812 Christiani,
2238 2749 2522 2804 accidisse
2557 2768 2672 2806 nou

568 2836 610 2862 ‘⁶
648 2833 1027 2899 dubitamus;
1089 2849 1195 2887 nos
1247 2830 1320 2885 de
1372 2831 1622 2885 fratrum
1670 2834 2009 2887 nostrorum
2058 2832 2352 2887 communi
2405 2834 2668 2900 consili0,

570 2920 610 2946 “
646 2918 849 2973 multis
888 2916 1177 2989 episcopis
1232 2913 1710 2987 approbantibus,
1752 2914 2087 2981 statuimus,
2128 2922 2197 2972 ut
2245 2934 2446 2973 omnes
2482 2937 2672 2990 usque
2695 2931 2788 2976 and
2805 2931 2948 2976 absti-

569 3004 609 3030 “
650 3001 725 3057 ad
762 3000 1221 3073 quinquennium
1272 2998 1482 3054 saltem
1538 3016 1644 3070 per
1698 3016 1901 3055 omnes
1956 3005 2148 3056 sextas
2200 3001 2398 3067 ferias,
2439 3002 2502 3057 in
2541 3004 2673 3059 cibo

571 3088 611 3113 ‘⁴
650 3083 1159 3157 Quadragesimali
1190 3082 1495 3154 jejunent3
1549 3087 1610 3137 et
1661 3083 1847 3138 missa
1894 3083 1998 3138 ubi
2053 3084 2337 3140 cantanda
2371 3086 2551 3142 fuerit
2599 3087 2674 3142 ad
2697 3084 3010 3137 Wednc-sdays

2713 2630 2854 2671 enteu
2872 2629 2996 2675 fare2

2696 2997 2839 3027 nenco
2857 2986 2975 3027 from

2696 3039 2819 3076 mont
2837 3047 2895 3076 on

2696 3136 2791 3178 and
2805 3139 2963 3179 Satur·

568 3172 610 3198 “
648 3186 861 3225 nonam
897 3172 1198 3233 cantetur3
1242 3165 1401 3237 quod
1436 3165 1508 3220 ab
1532 3165 1810 3221 Adventu
1847 3166 2087 3222 Domini
2124 3187 2311 3240 usque
2349 3169 2424 3224 ad
2456 3170 2516 3225 N
2519 3170 2672 3225 atale
2696 3186 2823 3237 days.

592 3257 609 3282 ‘
647 3252 885 3308 Domini
923 3251 1239 3307 statuimus
1275 3247 1724 3305 observandum.
1799 3249 1977 3305 Feria
2010 3269 2151 3306 vero
2201 3258 2414 3322 quarta
2449 3259 2510 3309 et
2545 3254 2674 3309 sab-
2739 3250 2892 3293 f0·¹2⁵
2908 3256 2970 3292 ¹⁴·

568 3339 609 3366 “
645 3338 782 3392 bato
831 3353 1033 3391 omnes
1080 3333 1479 3389 indifferenter
1534 3332 1684 3387 bene
1733 3332 1999 3389 valentes
2038 3352 2074 3389 a
2110 3336 2382 3390 carnibus
2420 3337 2673 3393 abstinc-

567 3423 608 3450 “
645 3421 810 3475 bunt.
884 3419 1012 3475 Nos
1049 3423 1245 3473 autem
1283 3422 1344 3472 et
1378 3416 1593 3472 fratres
1629 3417 1821 3471 nostri
1859 3417 1923 3471 in
1959 3418 2216 3473 secunda
2254 3438 2487 3491 quoque
2525 3423 2675 3476 scria
2696 3440 2794 3484 'nm
2811 3439 3008 3482 mmmm

567 3506 609 3532 ‘⁶
646 3504 815 3560 nobis
840 3507 902 3558 et
936 3501 1177 3557 familiis
1211 3500 1430 3556 nostris
1468 3517 1635 3554 esum
1673 3498 1869 3555 carnis
1907 3500 2334 3567 interdicimus,
2366 3503 2483 3558 nisi
2521 3506 2672 3560 forte
2697 3493 2748 3534 ⁰¹
2763 3491 2843 3533 ‘¹³⁰
2859 3502 2976 3552 popo

568 3591 608 3617 “
649 3594 752 3644 aut
782 3587 1094 3642 infirmitas
1131 3591 1234 3641 aut
1265 3602 1483 3655 magna
1534 3583 1900 3639 sollemnitas
1937 3584 2031 3640 vel
2070 3584 2187 3639 alia
2223 3586 2462 3643 evidens
2498 3605 2677 3643 causa
2701 3593 2802 3634 nala
2820 3593 2986 3635 fasten

2699 3541 2792 3584 and
2809 3542 2954 3583 cau-‹11-

2699 3641 2924 3693 Mondays

570 3675 610 3702 “
649 3673 781 3728 visa
837 3670 1019 3726 fuerit
1070 3669 1396 3741 impedire;
1475 3674 1780 3738 sperantes
1838 3667 1996 3738 quod
2051 3667 2138 3723 sie
2189 3670 2356 3725 nobis
2409 3672 2677 3741 ignoscet
2697 3692 2828 3738 also..

569 3759 610 3785 “
650 3754 959 3818 Dominus,
1001 3758 1061 3808 et
1096 3752 1395 3823 relinquet
1446 3756 1582 3822 post
1618 3750 1695 3806 Se
1737 3750 2224 3808 benedictionem.
2300 3753 2432 3808 Hoc
2485 3754 2675 3824 igitur

568 3844 610 3870 ‘⁶
650 3839 794 3895 adeo
855 3837 1171 3894 statuimus
1232 3835 1681 3899 observandum,
1747 3840 1816 3890 ut
1876 3836 2212 3908 quicunque
2271 3841 2675 3909 transgressor

569 3927 609 3953 ‘⁶
650 3922 943 3979 exstiterit
978 3920 1148 3993 quasi
1182 3918 1601 3991 praevaricator
1638 3918 2181 3991 Quadragesimalis
2212 3920 2429 3992 jejunii
2465 3921 2676 3976 habea-

569 4011 609 4037 “
651 4011 767 4063 tdr.
844 4006 1065 4061 Datum
1100 4000 1494 4060 Ferrariae.”²

657 4113 1025 4180 Audientes
1067 4111 1279 4200 igitur
1322 4109 1675 4199 principes
1716 4115 1914 4177 terrae
1981 4112 2295 4177 mandata
2338 4117 2408 4178 et
2452 4112 2677 4179 admo-

563 4213 856 4282 nitiones
918 4213 1220 4302 Gregorii
1289 4235 1496 4302 papae,
1555 4212 1814 4280 viribus
1888 4213 2051 4279 totis
2114 4214 2516 4281 anhelabant
2590 4217 2677 4282 ad

563 4318 1029 4385 liberationem
1072 4322 1272 4383 terrae
1315 4315 1705 4383 Jerusalem.

659 4419 793 4487 Sed
851 4419 1170 4507 praefatus
1238 4417 1597 4506 Gregorius
1642 4419 1763 4483 vix
1821 4440 1939 4506 per
2005 4421 2171 4487 duos
2239 4442 2495 4487 menses
2518 4419 2545 4460 ⁸
2604 4422 2679 4486 in
2771 4428 2881 4473 Deo·
2898 4431 2964 4475 1⁷·

1156 4577 1824 4585 -θ”“.,--ῌΕ-.-,-“-
1875 4579 1944 4584 ”—
2227 4582 2298 4586 ᾗ,
2337 4583 2476 4588 ---.-
2573 4584 2604 4588 -

632 4657 650 4691 ¹
686 4658 934 4709 Hoveden
953 4656 1047 4708 has
1068 4656 1155 4708 the
1180 4658 1310 4719 date,
1333 4657 1571 4707 “Datum
1740 4656 1762 4689 ²
1797 4657 2044 4708 Hoveden
2099 4657 2191 4708 has
2244 4658 2332 4710 the
2387 4659 2516 4722 date,
2562 4664 2595 4690 “
2611 4660 2680 4712 iv.

561 4741 596 4767 ‘⁶
628 4737 896 4799 Fen-arim,
929 4736 1000 4787 iv.
1018 4736 1119 4788 kal.
1153 4735 1472 4798 Novembris,
1494 4735 1572 4785 in·
1672 4742 1706 4768 “
1737 4738 1842 4788 kal.
1865 4736 2217 4787 Novembris.”

560 4820 597 4847 “
631 4815 854 4869 dictione
876 4815 1074 4868 sexta?
1740 4814 1762 4846 ³
1796 4816 1951 4866 From
1976 4814 2090 4867 Oct.
2115 4820 2171 4867 21
2202 4823 2256 4868 to
2279 4815 2405 4869 Dec.
2433 4822 2510 4871 17.

2282 4900 2413 4961 132
