3585 5863
936 900 1068 963 220
1754 914 1970 965 ossi-A
2013 914 2214 964 sams

631 1086 981 1141 A.D.1191.“
1018 1086 1292 1158 aperiret.
1369 1086 1638 1158 Cumque
1690 1087 1795 1144 ille
1848 1088 1998 1144 nihil
2051 1085 2452 1160 responderet
2489 1085 2596 1142 sed
2646 1086 2843 1159 magis
2899 1087 3032 1143 sub·
3058 1086 3292 1137 11on

649 1147 861 1192 ωωω·
940 1171 978 1196 “
1016 1170 1258 1238 rideret,
1298 1177 1604 1244 coeperunt
1638 1171 1929 1229 interesse
1965 1176 2027 1228 et
2058 1171 2316 1228 fabulari
2353 1180 2415 1227 et
2450 1188 2719 1242 quaerere
2755 1144 3114 1242 quidnam⁴‘⁰

600 1277 734 1321 Eois
751 1277 842 1321 dis-
941 1255 979 1280 “
1019 1261 1193 1311 esset.
1268 1255 1348 1310 Et
1382 1255 1587 1311 dolum
1632 1256 1986 1313 arbitrantes
2024 1256 2404 1328 projecerunt
2436 1273 2646 1312 manus
2683 1256 2759 1310 ad
2795 1257 3037 1328 peplum

595 1327 978 1424 Qffima⁶⁶
1018 1358 1135 1411 quo
1170 1340 1352 1396 facies
1387 1340 1719 1413 tegebatur,
1747 1347 1810 1397 et
1844 1341 2255 1397 submittentes
2291 1358 2328 1396 a
2356 1358 2501 1397 naso
2534 1357 2725 1412 usque
2760 1338 3036 1396 deorsum

940 1426 979 1451 “
1016 1424 1294 1480 viderunt
1329 1425 1541 1481 faciem
1576 1425 1834 1481 hominis
1867 1427 2105 1498 nigram
2140 1432 2203 1481 et
2234 1425 2467 1480 noviter
2502 1442 2716 1481 rasam.
2793 1424 3037 1497 Stupes-

939 1511 978 1535 “
1016 1526 1153 1564 cere
1189 1515 1495 1582 coeperunt
1527 1509 1689 1566 ultra
1722 1509 1986 1576 modum,
2024 1515 2087 1566 et
2132 1515 2472 1566 corruentes
2509 1526 2646 1565 eum
2681 1508 2758 1564 ad
2790 1513 3034 1573 terram,

939 1594 980 1620 ‘⁶
1015 1610 1190 1649 voces
1246 1592 1322 1649 ad
1370 1592 1571 1650 sidera
1618 1593 1851 1660 tollunt,
1906 1594 2193 1660 dicentes,
2238 1597 2252 1621 ‘
2273 1593 2489 1652 Venite
2537 1592 2871 1665 lapidamus
2923 1593 3038 1649 hoc

938 1679 980 1704 “
1022 1681 1037 1705 ‘
1063 1681 1391 1734 monstrum
1428 1678 1531 1749 qui
1568 1676 1923 1734 deformavit
1956 1685 2278 1751 utrumque
2316 1678 2563 1735 sexum!
2635 1678 2716 1734 Et
2749 1679 2911 1734 facta
2944 1682 3038 1735 est

938 1766 976 1788 “
1017 1763 1219 1818 statim
1268 1762 1586 1819 multitudo
1634 1762 1901 1818 virorum
1961 1781 2030 1819 ac
2087 1763 2406 1818 mulierum
2468 1761 2902 1818 extrahentium
2961 1760 3037 1816 de

937 1849 977 1873 “
1016 1847 1206 1919 capite
1241 1847 1485 1920 peplum
1520 1852 1581 1902 et
1614 1846 1976 1902 trahentium
2012 1865 2150 1903 eum
2172 1852 2537 1919 prostratum
2572 1846 2637 1901 in
2671 1852 2895 1901 terram
2929 1863 3038 1917 per

939 1932 977 1958 “
1016 1931 1276 1987 manicas
1313 1936 1376 1986 et
1422 1931 1744 2002 caputium,
1783 1948 1892 2002 per
1928 1948 2166 1987 arenam
2201 1931 2614 2002 ignominiose,
2654 1936 2716 1987 et
2748 1946 2860 2001 per
2894 1946 3036 1985 saxa

597 2034 687 2079 m,
702 2018 986 2079 mma*
1024 2033 1143 2071 non
1178 2017 1304 2073 sine
1354 2015 1613 2072 laesione.
1692 2014 2034 2072 Servientes
2087 2021 2285 2071 autem
2339 2016 2435 2072 sui
2483 2015 2578 2071 bis
2633 2019 2737 2071 aut
2788 2020 2885 2069 ter
2923 2015 3036 2069 im·

599 2085 864 2129 mumblo
940 2102 980 2128 “
1016 2106 1223 2172 petum
1279 2100 1549 2156 fecerunt
1603 2099 1669 2154 in
1727 2099 1963 2154 turbam
2020 2104 2092 2156 ut
2142 2117 2278 2155 eum
2329 2099 2691 2165 liberarent;
2755 2098 2863 2155 sed
2921 2117 3040 2153 non

597 2138 824 2236 ffimfflg
836 2186 895 2231 he
939 2187 978 2213 “
1015 2190 1354 2257 potuerunt,
1410 2183 1550 2255 quia
1598 2189 1758 2239 totus
1806 2183 2062 2256 populus
2123 2200 2259 2239 eum
2305 2183 2629 2240 insatiabili
2679 2182 2859 2238 corde
2908 2200 3041 2254 per-

596 2238 641 2342 ξ
688 2237 811 2332 ”¹1⁵an
940 2271 979 2297 ‘⁸
1020 2287 1295 2341 sequens,
1334 2274 1395 2325 et
1429 2269 1628 2324 verbis
1680 2274 1742 2324 et
1794 2269 1986 2340 alapis
2038 2274 2098 2324 et
2151 2268 2363 2341 sputis,
2402 2267 2796 2341 pluribusque
2846 2266 3041 2322 modis

939 2355 978 2382 “
1017 2354 1274 2426 turpiter
1306 2352 1588 2409 tractavit
1619 2370 1728 2424 per
1763 2357 1949 2408 totam
1982 2352 2223 2420 villam;
2266 2358 2329 2408 et
2363 2352 2450 2409 sio
2485 2357 2828 2417 tractatum,
2857 2351 3043 2407 immo

938 2441 977 2467 “
1017 2437 1384 2505 distractum,
1438 2437 1503 2492 in
1556 2436 1811 2508 quodam
1865 2436 2112 2492 cellarid
2159 2437 2470 2494 tenebroso
2530 2453 2670 2491 eum
2719 2435 2894 2507 quasi
2929 2435 3042 2491 sub

937 2525 976 2550 ‘⁶
1015 2520 1298 2578 carcerali
1333 2519 1604 2577 custodia
1636 2519 1901 2577 inclusit.
1964 2521 2214 2576 Tractus
2251 2525 2345 2577 est
2378 2521 2564 2592 igitur
2600 2519 2705 2592 qui
2741 2525 3038 2585 traxerat3

928 2609 977 2651 -“
1016 2611 1224 2677 captus
1262 2610 1355 2661 est
1391 2605 1495 2677 qui
1528 2603 1592 2660 vi
1629 2610 1901 2676 ceperat;
1941 2605 2166 2676 ligatus
2204 2610 2297 2662 est
2333 2605 2437 2677 qui
2470 2604 2796 2676 ligaverat3
2848 2603 3043 2659 incar·

938 2692 977 2717 ‘⁸
1016 2696 1249 2747 ceratus
1288 2688 1392 2761 qui
1429 2689 1899 2744 incarceraverat
1911 2709 1929 2753 3
1968 2692 2039 2743 ut
2060 2687 2384 2744 secundum
2420 2686 2814 2760 quantitatem
2849 2687 3043 2759 culpae

938 2778 977 2804 “
1018 2772 1566 2831 commensurabilis
1634 2771 1937 2829 videretur
1998 2772 2295 2843 quantitas
2366 2789 2573 2844 poenae.
2665 2771 2885 2827 Factus
2947 2776 3043 2827 est

937 2863 976 2888 ‘⁸
1016 2860 1206 2934 igitur
1246 2857 1626 2929 opprobrium
1658 2856 1873 2912 vicinis
1926 2856 2053 2912 suis
2106 2855 2300 2922 valde,
2341 2861 2402 2912 et
2449 2855 2627 2912 timor
2674 2855 2831 2911 notis
2888 2855 3036 2921 suis,

937 2949 976 2974 “
1016 2951 1077 3000 et
1130 2944 1303 3000 datus
1358 2948 1451 2999 est
1501 2943 1565 2997 in
1615 2941 1880 2997 derisum
1930 2941 2090 2997 omni
2143 2941 2380 3013 populo.
2455 2940 2696 2997 Utinam
2738 2957 2804 2996 se
2841 2940 3038 2996 solum

595 3049 684 3096 Lot
700 3050 781 3095 the
793 3061 910 3103 pope
938 3033 974 3058 “
1016 3028 1400 3093 sacerdotem,
1454 3031 1514 3081 et
1561 3044 1677 3081 non
1726 3027 1925 3098 ipsum
1972 3025 2370 3082 sacerdotium
2416 3024 2800 3098 inquinasset.
2892 3025 3042 3080 Pro-

637 3117 698 3157 10·
715 3115 792 3158 1⁷8
808 3121 872 3157 *⁰-
938 3117 976 3141 “
1014 3112 1216 3169 videat
1276 3128 1419 3182 ergo
1479 3109 1732 3166 ecclesia
1790 3110 2074 3177 Romana,
2131 3116 2200 3166 ut
2250 3115 2451 3167 tantus
2512 3127 2787 3168 excessus
2837 3109 3044 3166 taliter

596 3177 691 3220 ’Μ
706 3176 820 3229 king
940 3200 978 3226 ‘⁸
1015 3195 1315 3270 puniatur,
1365 3211 1438 3249 ne
1494 3192 1779 3249 delictum
1825 3194 2003 3251 unius
2057 3194 2413 3251 contaminet
2458 3210 2678 3260 omncs,
2733 3197 2796 3248 et
2846 3210 3045 3249 sacer-

598 3227 779 3280 amplos

598 3276 899 3371 ffignminss·
940 3285 976 3311 “
1010 3279 1225 3336 dotalis
1262 3278 1580 3336 auctoritas
1614 3295 1731 3333 non
1764 3278 2027 3335 vilescat.
2102 3279 2183 3334 Et
2229 3296 2338 3334 rex
2369 3277 2605 3350 Angliae
2640 3277 3038 3334 nihilominus

597 3380 770 3424 mtnre.
939 3371 978 3396 ‘⁶
1014 3364 1357 3438 prospiciat,
1413 3368 1482 3418 ut
1540 3362 1719 3418 talem
1777 3380 1966 3435 regno
2025 3380 2132 3419 suo
2188 3379 2502 3435 personam
2559 3361 2863 3435 praeficiat,
2926 3379 3044 3435 per

938 3456 976 3481 ‘⁶
1016 3463 1195 3521 quam
1229 3447 1453 3520 regalis
1490 3446 1750 3518 dignitas
1803 3447 2042 3504 honoris
2096 3452 2386 3512 servetur,
2424 3452 2487 3502 et
2527 3445 2685 3517 juris
2723 3446 2819 3501 sui
2855 3444 3044 3502 detri-

937 3539 976 3566 “
1013 3539 1214 3591 menta
1246 3550 1363 3592 non
1398 3532 1657 3589 sentiat:
1698 3531 1805 3588 sed
1840 3532 1912 3587 de
1950 3531 2080 3603 ejus
2113 3531 2405 3604 regimine
2443 3530 2640 3587 clerus
2677 3535 2740 3587 et
2773 3530 3041 3602 populus

936 3624 974 3650 ‘⁴
1012 3619 1230 3675 merito
1264 3617 1518 3673 debeant
1550 3615 1840 3689 gloriari!
1845 3615 1900 3649 '¹

598 3723 876 3839 Artoroight
1022 3704 1183 3770 Post
1249 3707 1397 3769 octo
1463 3723 1621 3768 vero
1688 3702 1829 3767 dies
1895 3700 1944 3767 J
1945 3700 2238 3767 ohannes
2300 3699 2548 3765 frater
2579 3698 2754 3786 regis
2816 3720 3043 3766 comes
3069 3723 3291 3774 umnam.

596 3777 884 3921 annment
934 3805 1287 3874 Meretonii
1315 3806 1629 3894 praecepit
1672 3803 1866 3870 illum
1909 3803 2181 3870 liberari
2211 3826 2252 3868 a
2280 3823 2550 3883 carcere,
2598 3807 2669 3868 et
2713 3801 2903 3868 dedit
2932 3804 3044 3869 illi
3067 3780 3162 3822 ⁴⁰²
3175 3789 3215 3820 ⁸·
3229 3778 3265 3822 ⁷·

597 3928 764 3979 lassad,
778 3926 871 3971 and
932 3909 1273 3978 licentiam
1338 3907 1835 3974 transfretandi.
1954 3905 2046 3971 Et
2119 3903 2348 3971 abiens
2421 3905 2886 3971 transfretavit
2964 3906 3045 3972 in

593 3980 825 4126 ffidgs·
934 4009 1406 4093 Flandriam32
1447 4015 1518 4077 et
1578 4033 1729 4079 cum
1786 4010 1919 4076 iter
1962 4013 2206 4096 ageret,
2254 4006 2527 4095 quidam
2573 4006 2655 4074 de
2699 4013 2877 4075 terra
2917 4007 3047 4075 illa

601 4082 620 4136 (
789 4081 805 4133 )
931 4117 1303 4204 injecerunt
1363 4134 1599 4179 manus
1661 4113 1736 4178 in
1804 4135 1957 4178 eum
2002 4116 2071 4177 et
2114 4111 2189 4176 in
2233 4109 2534 4176 homines
2579 4132 2753 4189 sace,
2796 4111 3047 4198 quibus

931 4220 1073 4308 ipse
1116 4219 1430 4305 injuriam
1474 4216 1721 4282 fecerat
1765 4238 1915 4282 cum
1969 4218 2143 4281 essct
2190 4212 2605 4300 justitiarius
2647 4213 2722 4278 in
2766 4215 3042 4302 Anglia,

931 4328 1002 4389 et
1068 4324 1432 4388 tenuerunt
1495 4319 1698 4385 donec
1757 4318 1873 4384 ille
1942 4315 2261 4383 satisfecit
2323 4315 2432 4382 eis.
2524 4316 2618 4381 Et
2677 4317 3046 4404 procedens

931 4426 1088 4492 inde
1131 4425 1320 4492 venit
1366 4421 1676 4503 Parisius,
1723 4427 1792 4489 et
1838 4421 2025 4487 (ledit
2085 4417 2407 4485 Mauricio
2430 4415 2458 4454 ³
2504 4418 2806 4506 episcopo
2850 4439 3049 4488 sexa-

996 4695 1013 4728 ¹
1049 4694 1294 4746 Hoveden
1338 4691 1429 4744 has
1471 4690 1594 4743 here
1629 4705 1662 4742 a
1698 4688 1847 4741 letter
1877 4681 1940 4738 of
2032 4645 2186 4780 (κζ’
2201 4648 2336 4712 “pud
2385 4645 2680 4710 Wiaeandss’
2718 4647 2829 4700 add.
2865 4647 3050 4701 Hove-

929 4769 1932 4919 misissem&
2029 4807 2695 4952 Pfflffiffflr»
2748 4808 2928 4875 am»
2986 4811 3055 4864 of
