3585 5863
377 2704 543 2803 ΞΞ

372 3322 622 3372 novacen,

381 3377 480 3419 ³01.
495 3383 539 3417 ⁸-
553 3377 623 3417 84.

357 4450 626 4557 {rra

1607 898 1912 948 chnm.
2686 889 2812 951 155

420 1069 607 1168 Q:
713 1069 928 1137 cauda
969 1068 1111 1155 ejus
1139 1068 1472 1155 significat
1513 1069 1716 1136 finem
1760 1070 2003 1147 saeculi,
2047 1070 2122 1135 in
2165 1091 2299 1157 qua
2340 1076 2616 1158 surgent
2643 1094 2820 1158 quae-
2874 1088 2983 1134 Aa).
2998 1094 3117 1140 11⁹1.

720 1173 876 1238 dam
943 1175 1174 1257 gentes
1239 1170 1489 1256 iniquae
1550 1193 1700 1257 quae
1767 1172 2082 1238 dicuntur
2126 1172 2274 1259 Gog
2317 1178 2388 1240 et
2432 1173 2689 1262 Magog,
2749 1180 2820 1241 et
2843 1153 3094 1251 Ziss’ss‘fflmm

716 1276 1073 1341 destruent
1136 1272 1470 1340 ecclesiam
1539 1273 1678 1339 Dei.
1795 1274 1880 1338 In
1955 1279 2248 1360 tempore
2322 1280 2546 1341 autem
2620 1278 2819 1343 Anti·
2843 1256 3112 1309 exposition.

710 1376 963 1454 christi,
1013 1375 1208 1443 multi
1254 1375 1785 1442 Christianorum
1854 1376 1926 1440 in
1991 1379 2289 1442 cavernis
2342 1383 2553 1456 terrae,
2612 1385 2684 1444 et
2745 1380 2819 1445 in

709 1477 1184 1543 solitudinibus
1274 1483 1611 1562 petrarum
1685 1483 2035 1556 morantes,
2105 1479 2305 1544 fidem
2370 1479 2819 1546 Christianam

711 1581 786 1645 in
828 1579 1066 1645 timore
1130 1578 1258 1646 Dei
1318 1580 1695 1658 servabunt,
1761 1600 1969 1665 usque
2033 1581 2120 1646 ad
2186 1583 2817 1648 consummationem

714 1680 1131 1748 Antichristi.

804 1783 896 1849 Et
961 1784 1083 1849 hoc
1151 1787 1254 1849 est
1320 1782 1496 1869 quod
1542 1783 1724 1860 dicit,
1785 1788 1820 1818 ‘⁴
1848 1782 2089 1849 Mulier
2148 1784 2322 1872 fugit
2365 1787 2437 1850 in
2484 1785 2819 1853 desertum

714 1894 752 1921 “
796 1886 1090 1973 AEgypti‚
1122 1885 1241 1951 ubi
1280 1885 1484 1950 habet
1513 1885 1726 1950 locum
1759 1890 2068 1971 paratum
2114 1908 2156 1952 a
2186 1886 2328 1952 Deo
2359 1894 2440 1953 ut
2468 1888 2564 1953 ibi
2594 1894 2821 1975 paseat

718 1996 756 2026 “
800 2010 946 2054 eam
991 1987 1225 2054 diebus
1264 2003 1510 2053 MOCLX.
1534 1985 1588 2067 ;'’
1635 1987 1811 2052 filius
1873 1992 2098 2053 autem
2162 1989 2302 2074 ejus
2348 1991 2675 2056 masculus
2704 1991 2820 2078 qui

718 2095 1017 2154 recturus
1080 2094 1226 2154 erat
1289 2109 1515 2155 omnes
1558 2094 1789 2175 gentes
1834 2088 1906 2152 in
1958 2089 2149 2176 virga
2191 2090 2419 2171 ferrea,
2468 2095 2571 2157 est
2622 2092 2669 2157 J
2673 2113 2820 2158 esus

718 2191 1034 2268 Christus,
1109 2189 1242 2271 Qui
1303 2195 1538 2276 raptus
1605 2196 1706 2256 est
1769 2189 1857 2255 ad
1922 2190 2158 2268 Deum,
2228 2198 2297 2257 et
2360 2194 2443 2258 ad
2503 2193 2819 2260 thronum

725 2294 908 2378 Ejus,
971 2298 1042 2358 et
1099 2293 1367 2358 avulsus
1450 2296 1553 2357 est
1637 2292 1723 2357 ab
1811 2292 2016 2358 oculis
2076 2293 2501 2360 intuentium.
2616 2296 2821 2383 Cujus

723 2409 1027 2482 sequaces
1090 2395 1147 2460 si
1213 2394 1552 2471 fuerimus,
1598 2400 2092 2481 perseverantes
2135 2396 2209 2460 in
2253 2397 2583 2463 mandatis
2638 2398 2818 2483 Ejus,

719 2497 1051 2583 rapiemur
1101 2496 1176 2562 in
1245 2517 1398 2562 aera
1443 2494 1554 2560 Illi
1618 2495 1903 2577 obviam,
1949 2500 2018 2560 et
2063 2495 2156 2561 sic
2202 2518 2351 2562 cum
2398 2497 2522 2563 Illo
2566 2519 2822 2585 semper

718 2621 979 2665 erimus.

809 2704 907 2776 At
981 2700 1138 2766 licet
1212 2698 1388 2765 idem
1464 2699 1671 2764 abbas
1749 2700 1829 2764 de
1906 2698 2185 2765 Curacio
2254 2701 2821 2786 ,praenominatam
2848 2722 3157 2778 Hisopinionn

722 2803 1125 2869 sententiam
1194 2801 1518 2889 proferret
1595 2802 1677 2867 de
1751 2802 2051 2868 adventu
2118 2802 2537 2884 Antichristi,
2602 2805 2821 2890 plures
2846 2777 3028 2918 ἴοῗιξτῗι

723 2910 952 2972 tamen
1014 2911 1084 2972 et
1151 2904 1285 2972 fere
1358 2925 1588 2971 omnes
1650 2904 1782 2970 viri
1849 2904 2267 2972 ecclesiastici
2328 2906 2401 2972 in
2475 2907 2821 2994 scripturis
2846 2887 2948 2919 ¹⁰⁰⁰

727 3008 997 3074 Divinis
1039 3008 1404 3095 plurimum
1465 3006 1731 3086 eruditi,
1778 3007 2172 3073 nitebantur
2215 3009 2493 3094 probare
2537 3009 2611 3075 in
2670 3033 2821 3076 con-

723 3112 1052 3189 trarium3
1123 3110 1487 3194 multisque
1560 3108 1717 3174 hinc
1791 3109 1947 3175 inde
2014 3109 2294 3196 prolatis
2355 3112 2827 3178 verisimilibus

726 3213 1118 3291 sententiis3
1171 3219 1399 3278 tamen
1443 3210 1661 3275 adhuc
1706 3210 1831 3275 sub
1867 3211 2093 3296 judice
2137 3212 2219 3277 lis
2264 3217 2380 3278 est.

816 3316 1043 3380 Mense
1109 3313 1474 3391 Februarii,
1553 3313 1662 3377 die
1731 3312 2222 3378 Purificationis
2289 3314 2418 3379 Dei
2484 3314 2827 3401 genitricis
2926 3333 3036 3378 reb.
3053 3337 3093 3378 ε.

730 3417 979 3496 Marioe,
1029 3415 1341 3492 sabbato,
1386 3418 1537 3501 post
1596 3414 1974 3500 prandium,
2021 3413 2346 3480 Ricardus
2400 3438 2520 3481 rex
2563 3417 2826 3504 Angliae
2849 3396 3057 3490 33¹²&

727 3525 800 3586 et
843 3519 1043 3584 multi
1087 3517 1336 3582 milites
1405 3516 1487 3581 de
1530 3515 1787 3580 familia
1850 3515 2009 3601 ejus,
2053 3520 2125 3579 et
2186 3517 2387 3582 multi
2449 3518 2530 3583 de
2574 3518 2830 3585 familia
2850 3498 3124 3591 {iiiessit'iam

729 3622 902 3708 regis
934 3620 1231 3685 Franciae
1275 3623 1744 3697 convenerunt,
1777 3638 1958 3682 more
2003 3617 2216 3695 solito,
2249 3623 2442 3683 extra
2485 3620 2827 3685 civitatem
2852 3598 2998 3642 '⁰⁰⁶⁸'

737 3725 1110 3790 Messanam
1171 3720 1476 3807 pluribus
1495 3718 1519 3757 ¹
1585 3719 1754 3805 jocis
1830 3718 2123 3783 intenti:
2201 3724 2272 3783 et
2338 3741 2489 3785 cum
2557 3721 2828 3787 domum

731 3826 1073 3905 redissent,
1141 3821 1504 3889 transitum
1570 3820 1889 3886 facientes
1952 3841 2070 3906 per
2141 3820 2434 3889 medium
2508 3821 2825 3904 civitatis,
2891 3850 2951 3893 ro.
2969 3853 3043 3895 161
3062 3860 3126 3895 vo.

730 3929 1174 3994 obviaverunt
1249 3923 1510 3990 cuidam
1586 3923 1836 3988 rustico
1909 3922 2210 3988 venienti
2287 3923 2368 3989 de
2441 3923 2605 3988 villa
2678 3947 2827 3995 cum

729 4035 967 4096 onusto
1033 4027 1235 4094 asello
1296 4024 1756 4106 arundinibus,
1829 4046 1994 4111 quas
2070 4046 2314 4091 cannas
2378 4032 2667 4093 vocant:
2745 4028 2827 4093 de

728 4131 967 4218 quibus
1009 4151 1133 4195 rex
1191 4127 1474 4214 Angliae,
1529 4130 1599 4192 et
1644 4126 1863 4192 caeteri
1910 4126 2025 4213 qui
2071 4147 2223 4192 cum
2284 4147 2361 4191 eo
2420 4127 2828 4193 comitaban-

730 4239 859 4313 tur,
907 4235 1265 4318 ceperunt3
1334 4234 1405 4294 et
1448 4228 1902 4315 unusquisque
1947 4228 2232 4309 illorum,
2279 4227 2447 4295 alter
2513 4230 2827 4296 adversus

728 4335 1029 4416 alterum,
1078 4351 1460 4420 congressus
1505 4334 1620 4396 est.

820 4437 912 4504 Et
953 4434 1237 4523 contigit
1279 4432 1460 4519 quod
1501 4453 1622 4497 rex
1667 4431 1934 4518 Angliae
1978 4434 2048 4496 et
2078 4430 2451 4498 Willelmus
2498 4435 2579 4499 de
2610 4434 2828 4515 Bares,
2854 4447 3119 4543 stiffi&

732 4541 1004 4627 quidam
1048 4537 1241 4602 miles
1284 4541 1593 4601 strenuus
1646 4534 1728 4599 de
1787 4533 2046 4600 familia
2095 4535 2268 4621 regis
2316 4535 2632 4615 Franciae,
2680 4559 2831 4603 con-

901 4777 914 4809 ¹
945 4746 1201 4842 pluribus]
1223 4772 1580 4840 'popularibus,
1609 4772 1696 4833 H„
1718 4750 1844 4822 w'ith
1867 4771 2116 4837 marginal
2137 4780 2254 4824 note
2278 4778 2311 4809 ‘⁴
2326 4774 2390 4825 al.
2412 4775 2683 4840 pluribus.’‘
