3585 5863
975 849 1073 916 liv
1564 866 1795 918 Asslzs
1836 868 1927 918 or
1969 865 2402 919 ommon.

652 1059 761 1104 Aa).
776 1062 893 1105 noe
1036 1045 1135 1111 19.
1181 1043 1275 1108 Et
1319 1042 1626 1110 dominus
1667 1063 1787 1110 rex
1829 1042 1997 1123 vult,
2041 1064 2129 1109 ex
2171 1064 2305 1130 quo
2362 1041 2779 1110 vicecomites
2822 1064 3033 1110 susce·

609 1173 793 1226 inquire
808 1173 859 1216 in
941 1145 1163 1263 perint
1246 1144 1795 1212 summonitiones
1875 1145 2303 1232 justitiarum
2390 1143 2876 1228 itinerantium,
2955 1150 3033 1212 ut

607 1223 902 1318 3115&th
942 1248 1071 1334 ipsi
1113 1268 1264 1314 cum
1307 1247 1732 1315 comitatibus
1790 1248 1927 1314 suis
1979 1247 2117 1314 sint
2161 1252 2319 1315 ante
2366 1246 2531 1327 illos,
2574 1247 2677 1313 illi
2720 1269 3034 1336 aggrega-

606 1323 789 1418 211oean
942 1349 1117 1416 bunt
1159 1350 1509 1417 comitatus
1566 1372 1736 1432 suos,
1802 1355 1875 1416 et
1923 1349 2264 1439 inquirent
2306 1371 2534 1418 omnes
2577 1351 2696 1437 qui
2738 1351 2823 1418 de
2863 1371 3035 1417 novo

607 1425 863 1528 ffliinlgmr
944 1450 1250 1520 venerint
1294 1453 1367 1519 in
1411 1475 1566 1519 suos
1607 1453 1960 1521 comitatus
2018 1457 2170 1541 post
2226 1453 2401 1520 hanc
2442 1453 2732 1534 assisam,
2775 1457 2848 1520 et
2889 1453 3035 1520 illos

608 1526 871 1573 ‘mmm
943 1555 1221 1622 mittent
1277 1576 1396 1643 per
1459 1553 1710 1644 plegios
1776 1554 1956 1642 quod
2029 1554 2168 1621 sint
2244 1576 2464 1622 coram
2530 1554 2857 1644 justitias,
2927 1555 3034 1622 vel

942 1657 1090 1723 illos
1160 1657 1536 1724 custodient
1593 1659 1800 1726 donec
1850 1656 2140 1746 justitiae
2201 1657 2290 1727 ad
2348 1657 2499 1725 illos
2571 1657 2898 1739 venerint,
2966 1661 3035 1724 et

939 1765 1103 1827 tunc
1144 1759 1490 1827 habebunt
1530 1760 1677 1827 illos
1719 1781 1939 1827 coram
1973 1759 2294 1847 justitias.

605 1886 740 1932 none
755 1887 900 1932 ottho
1031 1866 1135 1931 20.
1182 1862 1499 1930 Prohibet
1560 1863 1765 1930 etiam
1833 1862 2143 1930 dominus
2208 1883 2327 1932 rex
2394 1883 2478 1929 ne
2551 1862 2855 1931 monachi
2928 1862 3034 1931 vel

606 1950 843 2032 ῧῗοἭο
843 1951 918 1992 ¹²
875 1939 918 1983 ¹
940 1966 1236 2033 canonici
1278 1965 1390 2033 vel
1432 1966 1660 2054 aliqua
1703 1965 1942 2033 domus
1984 1964 2323 2053 religionis
2378 1963 2707 2053 recipiant
2747 1966 3032 2055 aliquem

602 2039 843 2142 ιῑῗῗῖἕιωιιξο
942 2069 1027 2135 de
1085 2068 1346 2136 minuto
1420 2068 1666 2157 populo
1724 2068 1800 2133 in
1859 2067 2253 2136 monachum
2314 2067 2425 2134 vel
2489 2067 2876 2136 canonicum
2925 2068 3034 2137 vel

603 2140 772 2284 Ξιῗξὲῗ
786 2140 920 2245 3¹3}
940 2170 1229 2254 fratrem,
1293 2172 1501 2238 donec
1559 2171 1809 2238 sciatur
1851 2170 1934 2238 de
1979 2169 2161 2257 quali
2202 2170 2587 2239 testimonio
2628 2171 2768 2261 ipse
2811 2172 3032 2255 fuerit,

607 2294 774 2336 noter.
939 2276 1071 2341 nisi
1112 2275 1255 2364 ipse
1295 2274 1600 2340 infirmus
1639 2273 1842 2340 fuerit
1884 2273 1973 2339 ad
2014 2276 2312 2340 mortem.

600 2391 892 2487 mtegram
1031 2381 1135 2444 21.
1180 2377 1503 2446 Prohibet
1545 2376 1853 2442 dominus
1894 2397 2015 2442 rex
2058 2397 2143 2442 ne
2187 2375 2433 2462 aliquis
2476 2374 2551 2442 in
2595 2383 2744 2443 tota
2787 2377 3033 2466 Anglia

605 2493 881 2548 procu-ibad-
938 2484 1228 2569 receptet
1288 2480 1364 2546 in
1424 2484 1603 2546 terra
1662 2500 1785 2545 sua
1843 2478 1953 2544 vel
2014 2499 2164 2544 soca
2222 2499 2344 2544 sua
2385 2478 2495 2544 vel
2540 2477 2736 2547 domo
2778 2481 2903 2547 sub
2947 2502 3032 2560 se,

937 2583 1226 2670 aliquem
1270 2582 1355 2648 de
1398 2587 1576 2648 secta
1634 2581 1904 2647 illorum
1961 2584 2423 2668 renegatorum
2468 2580 2583 2668 qui
2625 2580 2880 2649 fuerint
2921 2603 3032 2649 ex-

936 2684 1402 2752 communicati
1430 2689 1499 2751 et
1527 2684 1775 2773 signati
1805 2675 1984 2771 apud
2015 2682 2411 2751 Oxeneford.
2487 2678 2508 2718 ¹
2537 2681 2628 2750 Et
2657 2682 2715 2750 si
2746 2686 2896 2771 quis
2923 2708 3031 2753 eos

936 2789 1274 2877 receperit,
1302 2789 1394 2854 sit
1438 2787 1514 2853 in
1563 2786 2013 2854 misericordia
2040 2786 2293 2854 domini
2335 2784 2531 2873 regis,
2572 2792 2644 2853 et
2687 2787 2919 2855 domus
2959 2789 3031 2855 in

939 2913 1072 2980 qua
1111 2889 1215 2957 illi
1254 2887 1505 2957 fuerint
1548 2893 1924 2978 asportetur
1966 2892 2161 2957 extra
2202 2886 2435 2955 villam
2479 2892 2549 2956 et
2593 2889 3029 2959 comburatur.

939 2996 1035 3060 Et
1077 2995 1201 3060 hoc
1234 2991 1493 3079 jurabit
1550 2992 2004 3080 unusquisque
2062 2992 2421 3058 vicecomes
2464 2991 2643 3078 quod
2687 2991 2812 3060 hoc
2850 2998 3029 3061 tene-

939 3096 1061 3175 bit,
1105 3100 1175 3163 et
1218 3095 1343 3161 hoc
1377 3090 1602 3179 jurare
1644 3093 1843 3161 saciet
1888 3115 2115 3160 omnes
2157 3093 2498 3160 ministros
2542 3115 2695 3161 suos
2738 3100 2809 3162 et
2851 3097 3030 3186 dapi-

939 3199 1107 3265 feros
1170 3202 1241 3264 et
1289 3195 1571 3262 barones
1636 3201 1708 3263 et
1771 3217 1997 3262 omnes
2056 3195 2302 3263 milites
2345 3200 2418 3264 et
2459 3195 2686 3263 franco
2730 3202 3028 3267 tenentes

940 3301 1024 3367 de
1067 3299 1402 3367 comitatu.

603 3440 758 3485 Μία,
772 3441 823 3484 ω
839 3440 898 3484 1„
1032 3406 1134 3470 22.
1182 3403 1277 3468 Et
1319 3400 1470 3469 vult
1515 3401 1824 3468 dominus
1882 3423 2005 3468 rex
2056 3401 2234 3489 quod
2291 3400 2434 3468 haec
2476 3402 2680 3469 assisa
2721 3406 3028 3471 teneatur

598 3490 867 3593 ξιῗξὶῗὲἓξ
869 3503 900 3543 ⁸
938 3508 1013 3573 in
1055 3528 1259 3595 regno
1303 3526 1421 3572 suo
1465 3504 1783 3592 quamdiu
1826 3505 1889 3571 ei
1932 3502 2296 3592 placuerit.²1¹

604 3593 825 3646 plcasure.

936 3760 1062 3810 lsws
1098 3771 1156 3808 as
1193 3755 1355 3806 stated
1391 3753 1447 3803 in
1480 3753 1560 3804 Ll.
1593 3752 1845 3804 willelmi
1876 3752 1942 3816 1.,
2097 3753 2112 3785 ¹
2149 3752 2234 3804 On
2269 3751 2373 3804 this
2410 3752 2621 3817 subject,
2652 3769 2737 3806 see
2767 3757 2944 3821 above,
2976 3773 3026 3823 p.

937 3835 1559 3900 art.4⁷,'rhorpe‚p.209.
1629 3832 1743 3883 The
1758 3831 1942 3883 author
2027 3833 2101 3882 lx.

939 3918 1000 3968 of
1028 3916 1116 3968 the
1152 3913 1403 3979 Dialogus
1446 3911 1679 3976 explains
1710 3910 1824 3962 that
1853 3910 1944 3962 the
2094 3909 2116 3942 ²
2150 3908 2230 3963 Cf.
2269 3910 2389 3963 Ass.
2429 3909 2769 3978 Northnmpt„
2810 3915 2877 3966 B.
2897 3914 2959 3967 P.
2991 3915 3026 3967 i.

938 3997 1070 4060 king
1100 3994 1225 4046 took
1245 3993 1333 4044 the
1365 3991 1577 4043 chattels
1614 3991 1677 4041 of
1704 3992 1737 4019 ‘⁶
1754 3989 1945 4054 ascrip-
2034 3995 2144 4041 108.
2211 3993 2244 4019 “
2257 3989 2387 4042 Haec
2424 3998 2593 4042 autem
2623 3992 2781 4044 amiso,
2811 3996 3030 4047 atenebit

937 4079 971 4105 “
991 4072 1132 4124 titii”
1155 4071 1388 4123 whohad
1408 4068 1699 4120 committed
1713 4068 1942 4130 felonies,
2029 4073 2063 4098 ‘⁴
2095 4083 2129 4120 a
2163 4074 2388 4134 tempore
2425 4084 2525 4134 qno
2561 4071 2720 4123 auin
2761 4072 2895 4126 hcm
2935 4073 3031 4125 fuit

938 4154 1019 4204 for
1037 4153 1147 4203 sear
1165 4151 1277 4202 that
1308 4149 1355 4200 if
1377 4148 1510 4200 their
1528 4149 1668 4200 lords
1687 4162 1819 4200 vere
1839 4146 1944 4198 suf-
2030 4152 2061 4178 “
2094 4150 2228 4213 apud
2250 4148 2619 4201 clarendonam
2643 4167 2803 4216 usque
2833 4155 2901 4204 ad
2933 4154 3029 4205 hoc

938 4233 1077 4283 fered
1096 4239 1151 4282 to
1169 4231 1300 4281 have
1314 4228 1470 4292 them,
1478 4229 1603 4294 they
1614 4228 1783 4279 would
1792 4226 1944 4278 make
2028 4231 2063 4257 “
2096 4235 2307 4293 tempus,
2346 4235 2397 4280 et
2439 4230 2619 4280 amodo
2656 4232 2901 4297 quamdiu
2943 4234 3030 4283 (ιο.

939 4311 982 4362 it
1002 4326 1035 4362 a
1061 4309 1243 4360 handle
1274 4308 1357 4360 for
1390 4308 1681 4374 oppression
1711 4309 1787 4375 by
1817 4306 1945 4358 false
2028 4309 2063 4337 “
2096 4306 2237 4358 mino
2258 4307 2368 4373 regi
2389 4308 2686 4373 placuerit’2

941 4388 1245 4442 accusation.
