3585 5863
1521 888 1823 941 mesum
2601 883 2728 947 251

671 1157 969 1231 [Sequitur
1002 1157 1195 1218 eadem
1226 1176 1406 1219 mm
1436 1161 1795 1221 Dammana
1836 1162 1903 1221 de
1941 1167 2117 1224 morto
2147 1166 2325 1240 Roqio
2357 1166 2649 1240 mearam]
2676 1169 2692 1203 ¹

701 1302 761 1358 N
763 1302 986 1358 eustria
1021 1303 1130 1360 snb
1166 1304 1374 1378 clypeo
1407 1304 1571 1378 regis
1607 1303 1852 1362 defensa
1887 1304 2136 1365 Bioardi

700 1386 1016 1443 Indefensa
1030 1387 1054 1421 ²
1087 1389 1278 1456 mod0,
1316 1393 1492 1462 gestu
1525 1394 1742 1447 testare
1777 1389 2059 1449 dolorem.

702 1472 1005 1530 Exsudent
1038 1474 1195 1531 oculi
1230 1474 1539 1547 lacrymas,
1579 1475 1930 1532 exterminet
1965 1494 2069 1533 ora

702 1556 918 1624 Pallor,
958 1558 1243 1614 eonnodet
1277 1558 1498 1631 digitos
1532 1563 1782 1625 tortura,
1824 1565 2094 1617 cruentet

700 1641 992 1699 Interiora
1024 1642 1208 1709 dolor,
1247 1648 1309 1701 et
1340 1642 1614 1701 verberet
1648 1643 1871 1700 aethera
1906 1642 2144 1701 clamor.

702 1726 846 1782 Tota
877 1727 1074 1798 peris⁸
1109 1744 1180 1782 ex
1214 1733 1403 1784 morte
1439 1745 1565 1785 sua.
1638 1725 1803 1785 Mors
1839 1745 1959 1785 non
1994 1728 2109 1785 fuit
2144 1727 2275 1801 ejus

700 1810 818 1866 Sed
852 1817 988 1878 tua;
1028 1829 1142 1867 non
1176 1829 1295 1867 11110
1329 1811 1437 1869 sed
1469 1810 1712 1884 publiea
1744 1813 1957 1871 mortis
1996 1813 2188 1887 origo·

770 1894 821 1950 Ο
855 1895 1108 1952 Veneris
1142 1895 1473 1969 lacrymosa
1505 1895 1669 1953 dies!
1708 1894 1757 1954 Ο
1796 1895 1961 1954 sidus
1997 1898 2302 1955 amarum!

702 1979 818 2035 Illa
851 1978 979 2036 dies
1014 1985 1119 2036 tua
1151 1998 1267 2037 nox
1300 1980 1417 2038 fuit
1436 1985 1511 2055 ‚et
1544 1979 1750 2039 Venus
1785 1980 1895 2037 illa
1927 1998 2237 2041 venenum.

702 2062 819 2118 Illa
852 2062 1016 2119 dedit
1048 2064 1284 2131 vulnus,
1323 2063 1430 2122 sed
1462 2064 1758 2138 pessimus
1795 2065 1898 2121 ille
1935 2065 2168 2122 dierum

701 2146 938 2204 Primus
976 2147 1048 2203 ab
1085 2148 1412 2214 undecimO,
1453 2149 1557 2219 qui
1591 2148 1732 2206 vitae
1768 2148 2018 2206 vitricus
2035 2148 2057 2182 ⁴
2094 2150 2287 2222 ipsam

703 2230 949 2297 Clausit,
988 2237 1239 2305 uterque
1276 2232 1403 2289 dies
1437 2232 1751 2301 homicida,
1791 2233 2104 2307 tyrannide
2145 2235 2316 2303 mira,

702 2315 960 2387 Trajeeit
994 2316 1229 2372 clausus
1268 2317 1590 2383 exclusum,
1629 2322 1828 2374 tectus
1860 2324 2131 2391 apertum

703 2398 996 2456 Providus
1030 2400 1349 2466 incautum,
1388 2400 1563 2457 miles
1597 2402 1861 2458 munitus
1897 2402 2199 2469 inermem,

703 2484 782 2539 Et
814 2484 1119 2557 proprium
1152 2502 1377 2559 regem.
1454 2484 1611 2557 Quid
1642 2485 1817 2543 miles
1853 2486 2095 2558 perfide,
2134 2485 2308 2547 miles

703 2567 973 2625 Perfidiae
993 2568 1021 2625 Ρ
1055 2569 1229 2625 miles
1264 2568 1454 2641 pudor
1493 2569 1673 2635 orbis,
1711 2575 1774 2628 et
1808 2571 1981 2627 unica
2016 2570 2218 2628 sordes

702 2653 935 2710 Militiae
951 2653 978 2709 Ρ
1013 2654 1185 2710 miles
1221 2671 1504 2710 mannum
1540 2654 1770 2711 factura
1806 2655 2081 2711 suarum!

701 2737 900 2794 Ausus
937 2754 1001 2793 es
1036 2738 1148 2796 hoe
1183 2738 1249 2794 in
1283 2736 1465 2793 eum?
1501 2737 1696 2795 scelus
1731 2738 1887 2797 hoo?
1925 2738 2121 2795 scelus
2158 2736 2323 2796 istud
2356 2757 2421 2799 es
2458 2758 2656 2807 ausus,

702 2821 753 2877 Ο
789 2821 989 2878 dolor!
1028 2820 1079 2876 Ο
1114 2821 1433 2894 plusquam
1456 2820 1659 2879 dolor!
1701 2820 1751 2879 O
1787 2822 1981 2879 mors!
2021 2820 2070 2880 Ο
2108 2823 2444 2881 truculenta

702 2906 898 2963 Mors!
938 2923 1098 2965 esses
1133 2906 1363 2964 utinam
1395 2924 1555 2963 mors
1591 2912 1841 2965 mortua.
1918 2905 2075 2978 Quid
2109 2906 2433 2967 meministi

702 2991 866 3048 Ausa
901 2992 1066 3047 nefas
1102 2996 1333 3047 tantum
1351 2989 1379 3046 Ρ
1450 2990 1686 3049 Placuit
1719 2990 1833 3048 tibi
1866 2990 2075 3047 tollere
2112 2990 2297 3049 solem
2317 2991 2346 3051 Ρ

704 3077 782 3132 Et
815 3076 1075 3132 tenebris
1111 3072 1423 3132 damnare⁵
1460 3075 1653 3131 solum
1672 3072 1701 3132 Ρ
1768 3073 1901 3130 Scis
1940 3092 2117 3147 quem
2151 3076 2450 3149 rapuisti?

703 3161 841 3234 Ipse
876 3159 995 3216 fuit
1020 3159 1200 3233 jubar
1234 3159 1298 3215 in
1332 3158 1540 3225 oeulis,
1580 3163 1641 3215 et
1676 3157 1881 3216 dulcor
1917 3157 1981 3214 in
2015 3176 2177 3227 aure,

702 3245 782 3301 Et
818 3250 1023 3317 stupor
1056 3244 1122 3300 in
1154 3249 1387 3301 mentez
1429 3243 1547 3301 sois
1582 3242 1769 3316 impia
1805 3260 1980 3316 quem
2015 3243 2310 3317 rapuisti?

703 3329 842 3401 Ipse
877 3329 995 3384 fuit
1029 3328 1300 3384 dominus
1337 3344 1655 3395 armorum,
1695 3327 1888 3399 gloria
1920 3344 2153 3399 regum,

704 3412 949 3469 Delioiae
985 3412 1212 3477 mundi,
1250 3410 1403 3467 nihil
1439 3410 1655 3468 addere
1693 3416 1939 3467 noverat
1972 3412 2147 3468 ultra.

700 3497 839 3570 Ipse
875 3497 991 3552 fuit
1026 3494 1311 3568 quioquid
1345 3495 1540 3566 potuit
1572 3499 1802 3550 natura.
1868 3493 1987 3549 Sed
2021 3494 2182 3551 istud

705 3581 898 3638 Causa
933 3580 1048 3638 fuit
1085 3597 1267 3652 quare
1303 3579 1574 3652 rapuisti.
1638 3578 1760 3636 Res
1795 3578 2085 3651 pretiosas

701 3665 915 3737 Eligis,
955 3669 1017 3720 et
1048 3665 1200 3720 viles
1239 3663 1408 3735 quasi
1443 3662 1761 3735 dedignata
1795 3660 2062 3718 refutas-⁸

702 3750 783 3805 Et
816 3749 890 3805 de
924 3754 1003 3814 te,
1042 3748 1291 3814 Natura,
1332 3763 1581 3820 queror3
1622 3745 1762 3818 quia
1795 3763 1985 3802 nonne
2021 3744 2191 3803 fuisti

704 3834 863 3889 Dum
897 3833 1152 3890 mundus
1188 3850 1337 3905 puer
1372 3837 1529 3888 esset
1563 3829 1773 3897 adhue,
1815 3830 1957 3886 dum
1990 3828 2165 3886 nata⁷
2192 3829 2424 3906 jaceres

702 3918 778 3973 In
812 3918 979 3974 cunis
1013 3916 1079 3973 in
1113 3933 1183 3973 eo
1218 3913 1525 3973 studiosa?
1559 3932 1669 3972 1100
1703 3918 1839 3971 ante
1875 3919 2169 3971 senectam

704 4002 956 4059 Destitit
988 4003 1100 4058 hoo
1136 3999 1416 4058 studium.
1492 3999 1616 4057 Our
1652 4000 1834 4056 sudor
1866 4004 2064 4056 tantus
2100 3999 2165 4055 in
2199 3999 2404 4057 orbem

704 4086 928 4143 Attulit
959 4088 1072 4143 1100
1105 4085 1344 4152 mirum,
1385 4084 1438 4141 si
1472 4089 1596 4141 tam
1629 4083 1829 4141 brevis
1865 4083 2110 4140 abstulit
2140 4082 2287 4140 hora

701 4280 717 4312 ¹
752 4278 1373 4331 Thisisanextrsctstom
1394 4277 1635 4344 Genua-ey
1730 4278 1788 4330 of
1815 4278 1903 4330 the
1936 4293 2099 4345 poem.
2170 4278 2265 4331 See
2304 4279 2412 4331 also
2432 4278 2731 4348 Eremmon,

631 4375 694 4424 de
727 4370 988 4423 Vinsaufs
1020 4369 1174 4422 Nova
1211 4369 1433 4432 Poetn'a,
1456 4369 1632 4422 which
1733 4362 1877 4408 l280·

634 4479 738 4516 was
758 4463 955 4529 printed
974 4465 1045 4529 by
1065 4463 1320 4529 Polym-p
1352 4464 1558 4528 Iaeyner,
1576 4463 1634 4513 in
1795 4435 1818 4468 ²
1850 4434 2151 4504 Inaesma]
2189 4435 2465 4501 Indefem,
2487 4437 2548 4490 B·

636 4560 720 4612 his
735 4558 967 4611 Historia
990 4559 1256 4611 Poetarum
1279 4566 1329 4608 et
1348 4557 1634 4610 Poe-natum
1795 4514 1818 4627 ἰ
1841 4514 2379 4662 ξιῖαίσὶέὃῖςὲἒίω
2402 4595 2468 4649 Β.

636 4657 808 4708 Medii
858 4657 1002 4719 AEm‘,
1056 4672 1140 4721 pp.
1198 4658 1466 4717 861-9783
1533 4657 1634 4707 and
1796 4673 1818 4704 5
1852 4673 2113 4740 damnare]
2152 4677 2425 4736 tenebrare,
2447 4676 2650 4742 Ἑρμεῖ,

639 4747 919 4811 separately
957 4751 1011 4797 at
1058 4745 1349 4796 Helmstadt
1378 4744 1435 4795 in
1487 4746 1631 4795 1724.
1797 4750 1820 4784 ⁸
1851 4753 2072 4820 refutas]
2110 4754 2369 4820 relinquis,
2388 4755 2597 4823 Leyser.

640 4834 755 4888 The
771 4835 961 4889 lament
979 4833 1214 4912 occupies
1232 4849 1317 4887 vv.
1335 4840 1435 4887 366
1456 4839 1511 4886 to
1533 4838 1634 4885 428
1798 4831 1821 4870 ⁷
1853 4832 2003 4901 nata]
2042 4834 2195 4897 nuda,
2214 4834 2418 4901 Iayuer.
