<?xml version="1.0" encoding="UTF-8"?>
<!DOCTYPE html PUBLIC "-//W3C//DTD XHTML 1.0 Transitional//EN"
    "http://www.w3.org/TR/xhtml1/DTD/xhtml1-transitional.dtd">
<html xmlns="http://www.w3.org/1999/xhtml" xml:lang="en" lang="en">
 <head>
  <title>
</title>
<meta http-equiv="Content-Type" content="text/html;charset=utf-8" />
  <meta name='ocr-system' content='tesseract 3.04.00' />
  <meta name='ocr-capabilities' content='ocr_page ocr_carea ocr_par ocr_line ocrx_word'/>
</head>
<body>
  <div class='ocr_page' id='page_1' title='image "./chroniclereigns00unkngoog_0234.png"; bbox 0 0 3585 5863; ppageno 0'>
   <div class='ocr_carea' id='block_1_1' title="bbox 761 876 2039 943">
    <p class='ocr_par' dir='ltr' id='par_1_1' title="bbox 761 876 2039 943">
     <span class='ocr_line' id='line_1_1' title="bbox 761 876 2039 943; baseline -0.005 -1"><span class='ocrx_word' id='word_1_1' title='bbox 761 876 848 943; x_wconf 79' lang='lat'><strong>62</strong></span> <span class='ocrx_word' id='word_1_2' title='bbox 1579 885 1794 938; x_wconf 70' lang='lat' dir='ltr'><strong>essm</strong></span> <span class='ocrx_word' id='word_1_3' title='bbox 1838 886 2039 937; x_wconf 74' lang='lat' dir='ltr'><strong>snare</strong></span> 
     </span>
    </p>
   </div>
   <div class='ocr_carea' id='block_1_2' title="bbox 460 1059 2858 1151">
    <p class='ocr_par' dir='ltr' id='par_1_2' title="bbox 460 1059 2858 1151">
     <span class='ocr_line' id='line_1_2' title="bbox 460 1059 2858 1151; baseline 0.002 -30"><span class='ocrx_word' id='word_1_4' title='bbox 460 1074 571 1122; x_wconf 55' lang='lat' dir='ltr'><strong>sn.</strong></span> <span class='ocrx_word' id='word_1_5' title='bbox 587 1078 704 1121; x_wconf 75' lang='lat' dir='ltr'><strong>nso.</strong></span> <span class='ocrx_word' id='word_1_6' title='bbox 760 1067 1154 1151; x_wconf 83' lang='lat' dir='ltr'><strong>congregato</strong></span> <span class='ocrx_word' id='word_1_7' title='bbox 1214 1063 1512 1127; x_wconf 88' lang='lat' dir='ltr'><strong>exercitu</strong></span> <span class='ocrx_word' id='word_1_8' title='bbox 1556 1060 2116 1128; x_wconf 86' lang='lat' dir='ltr'><strong>Teuthonicorum</strong></span> <span class='ocrx_word' id='word_1_9' title='bbox 2159 1062 2231 1126; x_wconf 87' lang='lat' dir='ltr'><strong>et</strong></span> <span class='ocrx_word' id='word_1_10' title='bbox 2272 1059 2858 1148; x_wconf 84' lang='lat' dir='ltr'><strong>Longobardorum</strong></span> 
     </span>
    </p>
   </div>
   <div class='ocr_carea' id='block_1_3' title="bbox 426 1140 2860 1250">
    <p class='ocr_par' dir='ltr' id='par_1_3' title="bbox 426 1140 2860 1250">
     <span class='ocr_line' id='line_1_3' title="bbox 426 1140 2860 1250; baseline -0.004 -14"><span class='ocrx_word' id='word_1_11' title='bbox 426 1140 704 1236; x_wconf 43' lang='lat' dir='ltr'><strong>gfff&amp;-</strong></span> <span class='ocrx_word' id='word_1_12' title='bbox 761 1172 833 1232; x_wconf 93' lang='lat' dir='ltr'><strong>et</strong></span> <span class='ocrx_word' id='word_1_13' title='bbox 878 1165 1396 1232; x_wconf 69' lang='lat' dir='ltr'><strong>Alamannorum</strong></span> <span class='ocrx_word' id='word_1_14' title='bbox 1462 1166 1533 1229; x_wconf 88' lang='lat' dir='ltr'><strong>et</strong></span> <span class='ocrx_word' id='word_1_15' title='bbox 1606 1163 1887 1229; x_wconf 79' lang='lat' dir='ltr'><strong>aliarum</strong></span> <span class='ocrx_word' id='word_1_16' title='bbox 1948 1162 2311 1229; x_wconf 86' lang='lat' dir='ltr'><strong>multarum</strong></span> <span class='ocrx_word' id='word_1_17' title='bbox 2373 1162 2692 1250; x_wconf 84' lang='lat' dir='ltr'><strong>gentium,</strong></span> <span class='ocrx_word' id='word_1_18' title='bbox 2753 1162 2860 1227; x_wconf 90' lang='lat' dir='ltr'><strong>die</strong></span> 
     </span>
    </p>
   </div>
   <div class='ocr_carea' id='block_1_4' title="bbox 425 1242 2858 1355">
    <p class='ocr_par' dir='ltr' id='par_1_4' title="bbox 425 1242 2858 1355">
     <span class='ocr_line' id='line_1_4' title="bbox 425 1242 2858 1355; baseline -0.002 -19"><span class='ocrx_word' id='word_1_19' title='bbox 425 1242 737 1338; x_wconf 54' lang='lat' dir='ltr'><strong>ffiilfssamu‘fe‘hae</strong></span> <span class='ocrx_word' id='word_1_20' title='bbox 761 1268 1002 1335; x_wconf 83' lang='lat' dir='ltr'><strong>Sancti·</strong></span> <span class='ocrx_word' id='word_1_21' title='bbox 1052 1264 1319 1355; x_wconf 77' lang='lat' dir='ltr'>Georgii</span> <span class='ocrx_word' id='word_1_22' title='bbox 1382 1264 1689 1332; x_wconf 73' lang='lat' dir='ltr'>recedens</span> <span class='ocrx_word' id='word_1_23' title='bbox 1733 1286 1776 1332; x_wconf 86' lang='lat' dir='ltr'><strong>a</strong></span> <span class='ocrx_word' id='word_1_24' title='bbox 1820 1265 2093 1333; x_wconf 85' lang='lat' dir='ltr'><strong>civitate</strong></span> <span class='ocrx_word' id='word_1_25' title='bbox 2137 1287 2258 1333; x_wconf 91' lang='lat' dir='ltr'><strong>sua</strong></span> <span class='ocrx_word' id='word_1_26' title='bbox 2302 1264 2385 1330; x_wconf 89' lang='lat' dir='ltr'><strong>de</strong></span> <span class='ocrx_word' id='word_1_27' title='bbox 2430 1264 2858 1345; x_wconf 82' lang='lat' dir='ltr'><strong>Rsinesburc,</strong></span> 
     </span>
    </p>
   </div>
   <div class='ocr_carea' id='block_1_5' title="bbox 424 1344 2856 1498">
    <p class='ocr_par' dir='ltr' id='par_1_5' title="bbox 424 1344 2856 1498">
     <span class='ocr_line' id='line_1_5' title="bbox 424 1344 2856 1498; baseline -0.014 -53"><span class='ocrx_word' id='word_1_28' title='bbox 424 1344 661 1498; x_wconf 40' lang='grc' dir='ltr'><strong>ἓξὲξ</strong></span> <span class='ocrx_word' id='word_1_29' title='bbox 675 1406 736 1439; x_wconf 84' lang='lat' dir='ltr'><strong>on</strong></span> <span class='ocrx_word' id='word_1_30' title='bbox 758 1372 888 1437; x_wconf 90' lang='lat' dir='ltr'><strong>iter</strong></span> <span class='ocrx_word' id='word_1_31' title='bbox 929 1369 1484 1436; x_wconf 81' lang='lat' dir='ltr'><strong>Jerosolimitanae</strong></span> <span class='ocrx_word' id='word_1_32' title='bbox 1528 1367 1953 1456; x_wconf 86' lang='lat' dir='ltr'><strong>profectionis</strong></span> <span class='ocrx_word' id='word_1_33' title='bbox 1996 1368 2297 1455; x_wconf 69' lang='lat' dir='ltr'><strong>arripujt,</strong></span> <span class='ocrx_word' id='word_1_34' title='bbox 2340 1367 2701 1434; x_wconf 67' lang='lat' dir='ltr'><strong>tramitum</strong></span> <span class='ocrx_word' id='word_1_35' title='bbox 2730 1366 2856 1434; x_wconf 65' lang='lat' dir='ltr'><strong>fac.</strong></span> 
     </span>
    </p>
   </div>
   <div class='ocr_carea' id='block_1_6' title="bbox 427 1469 2862 1898">
    <p class='ocr_par' dir='ltr' id='par_1_6' title="bbox 427 1469 2862 1898">
     <span class='ocr_line' id='line_1_6' title="bbox 758 1469 2861 1560; baseline -0.001 -21"><span class='ocrx_word' id='word_1_36' title='bbox 758 1478 953 1539; x_wconf 90' lang='lat' dir='ltr'><strong>turus</strong></span> <span class='ocrx_word' id='word_1_37' title='bbox 996 1493 1114 1560; x_wconf 92' lang='lat' dir='ltr'><strong>per</strong></span> <span class='ocrx_word' id='word_1_38' title='bbox 1156 1476 1399 1538; x_wconf 88' lang='lat' dir='ltr'><strong>terram</strong></span> <span class='ocrx_word' id='word_1_39' title='bbox 1442 1470 1860 1560; x_wconf 85' lang='lat' dir='ltr'><strong>imperatoris</strong></span> <span class='ocrx_word' id='word_1_40' title='bbox 1891 1470 2519 1560; x_wconf 69' lang='lat' dir='ltr'><strong>Constantinopolis.</strong></span> <span class='ocrx_word' id='word_1_41' title='bbox 2613 1469 2861 1537; x_wconf 81' lang='lat' dir='ltr'><strong>Omnes</strong></span> 
     </span>
     <span class='ocr_line' id='line_1_7' title="bbox 760 1572 2860 1662; baseline -0.001 -19"><span class='ocrx_word' id='word_1_42' title='bbox 760 1574 939 1643; x_wconf 89' lang='lat' dir='ltr'><strong>enim</strong></span> <span class='ocrx_word' id='word_1_43' title='bbox 1004 1572 1329 1662; x_wconf 80' lang='lat' dir='ltr'>principes</span> <span class='ocrx_word' id='word_1_44' title='bbox 1390 1574 1654 1661; x_wconf 88' lang='lat' dir='ltr'><strong>imperii</strong></span> <span class='ocrx_word' id='word_1_45' title='bbox 1721 1574 1842 1655; x_wconf 87' lang='lat' dir='ltr'><strong>sui,</strong></span> <span class='ocrx_word' id='word_1_46' title='bbox 1910 1576 2025 1662; x_wconf 91' lang='lat' dir='ltr'><strong>qui</strong></span> <span class='ocrx_word' id='word_1_47' title='bbox 2087 1596 2309 1642; x_wconf 89' lang='lat' dir='ltr'><strong>secum</strong></span> <span class='ocrx_word' id='word_1_48' title='bbox 2369 1573 2466 1639; x_wconf 91' lang='lat' dir='ltr'><strong>ire</strong></span> <span class='ocrx_word' id='word_1_49' title='bbox 2524 1573 2860 1652; x_wconf 73' lang='lat' dir='ltr'><strong>nolebant,</strong></span> 
     </span>
     <span class='ocr_line' id='line_1_8' title="bbox 759 1673 2862 1764; baseline -0 -22"><span class='ocrx_word' id='word_1_50' title='bbox 759 1677 915 1744; x_wconf 86' lang='lat' dir='ltr'><strong>fecit</strong></span> <span class='ocrx_word' id='word_1_51' title='bbox 948 1678 1179 1764; x_wconf 82' lang='lat' dir='ltr'><strong>jurare</strong></span> <span class='ocrx_word' id='word_1_52' title='bbox 1223 1677 1399 1764; x_wconf 87' lang='lat' dir='ltr'><strong>quod</strong></span> <span class='ocrx_word' id='word_1_53' title='bbox 1443 1678 1619 1743; x_wconf 87' lang='lat' dir='ltr'><strong>irent</strong></span> <span class='ocrx_word' id='word_1_54' title='bbox 1683 1676 1760 1742; x_wconf 91' lang='lat' dir='ltr'><strong>in</strong></span> <span class='ocrx_word' id='word_1_55' title='bbox 1820 1676 2100 1747; x_wconf 82' lang='lat' dir='ltr'><strong>exilium</strong></span> <span class='ocrx_word' id='word_1_56' title='bbox 2163 1696 2301 1742; x_wconf 90' lang='lat' dir='ltr'><strong>non</strong></span> <span class='ocrx_word' id='word_1_57' title='bbox 2366 1673 2648 1742; x_wconf 87' lang='lat' dir='ltr'><strong>redituri</strong></span> <span class='ocrx_word' id='word_1_58' title='bbox 2703 1680 2862 1741; x_wconf 86' lang='lat' dir='ltr'><strong>ante</strong></span> 
     </span>
     <span class='ocr_line' id='line_1_9' title="bbox 427 1777 2862 1898; baseline -0.002 -50"><span class='ocrx_word' id='word_1_59' title='bbox 427 1798 687 1898; x_wconf 49' lang='lat' dir='ltr'><strong>Emtae</strong></span> <span class='ocrx_word' id='word_1_60' title='bbox 759 1780 961 1847; x_wconf 88' lang='lat' dir='ltr'><strong>finem</strong></span> <span class='ocrx_word' id='word_1_61' title='bbox 1004 1780 1213 1847; x_wconf 90' lang='lat' dir='ltr'><strong>trium</strong></span> <span class='ocrx_word' id='word_1_62' title='bbox 1256 1798 1583 1845; x_wconf 84' lang='lat' dir='ltr'><strong>annorum</strong></span> <span class='ocrx_word' id='word_1_63' title='bbox 1641 1779 1947 1868; x_wconf 79' lang='lat' dir='ltr'><strong>proximo</strong></span> <span class='ocrx_word' id='word_1_64' title='bbox 2013 1779 2572 1867; x_wconf 86' lang='lat' dir='ltr'><strong>subsequentium.</strong></span> <span class='ocrx_word' id='word_1_65' title='bbox 2664 1777 2862 1844; x_wconf 86' lang='lat' dir='ltr'><strong>Unde</strong></span> 
     </span>
    </p>
   </div>
   <div class='ocr_carea' id='block_1_7' title="bbox 427 1880 2865 2585">
    <p class='ocr_par' dir='ltr' id='par_1_7' title="bbox 427 1880 2865 2380">
     <span class='ocr_line' id='line_1_10' title="bbox 427 1880 2865 1970; baseline -0 -23"><span class='ocrx_word' id='word_1_66' title='bbox 427 1904 584 1948; x_wconf 68' lang='lat' dir='ltr'><strong>foreas</strong></span> <span class='ocrx_word' id='word_1_67' title='bbox 599 1906 649 1949; x_wconf 77' lang='lat' dir='ltr'><strong>to</strong></span> <span class='ocrx_word' id='word_1_68' title='bbox 760 1883 1009 1950; x_wconf 80' lang='lat' dir='ltr'><strong>factum</strong></span> <span class='ocrx_word' id='word_1_69' title='bbox 1054 1887 1158 1949; x_wconf 88' lang='lat' dir='ltr'><strong>est</strong></span> <span class='ocrx_word' id='word_1_70' title='bbox 1200 1882 1380 1969; x_wconf 88' lang='lat' dir='ltr'><strong>quod</strong></span> <span class='ocrx_word' id='word_1_71' title='bbox 1422 1882 1754 1948; x_wconf 89' lang='lat' dir='ltr'><strong>Henricus</strong></span> <span class='ocrx_word' id='word_1_72' title='bbox 1798 1882 1942 1948; x_wconf 81' lang='lat' dir='ltr'><strong>dux</strong></span> <span class='ocrx_word' id='word_1_73' title='bbox 1969 1882 2297 1962; x_wconf 84' lang='lat' dir='ltr'><strong>Saxoniae,</strong></span> <span class='ocrx_word' id='word_1_74' title='bbox 2343 1903 2546 1970; x_wconf 84' lang='lat' dir='ltr'><strong>gener</strong></span> <span class='ocrx_word' id='word_1_75' title='bbox 2586 1880 2865 1949; x_wconf 80' lang='lat' dir='ltr'><strong>Henriei</strong></span> 
     </span>
     <span class='ocr_line' id='line_1_11' title="bbox 427 1956 2862 2073; baseline 0 -23"><span class='ocrx_word' id='word_1_76' title='bbox 427 1956 659 2058; x_wconf 58' lang='grc' dir='ltr'><strong>ἳιιῗῗιιῗ</strong></span> <span class='ocrx_word' id='word_1_77' title='bbox 761 1985 935 2073; x_wconf 84' lang='lat' dir='ltr'><strong>regis</strong></span> <span class='ocrx_word' id='word_1_78' title='bbox 981 1985 1264 2072; x_wconf 82' lang='lat' dir='ltr'><strong>Angliae,</strong></span> <span class='ocrx_word' id='word_1_79' title='bbox 1327 1984 1402 2049; x_wconf 91' lang='lat' dir='ltr'><strong>in</strong></span> <span class='ocrx_word' id='word_1_80' title='bbox 1463 1983 1742 2051; x_wconf 83' lang='lat' dir='ltr'><strong>exilium</strong></span> <span class='ocrx_word' id='word_1_81' title='bbox 1808 1984 2064 2067; x_wconf 86' lang='lat' dir='ltr'><strong>missus,</strong></span> <span class='ocrx_word' id='word_1_82' title='bbox 2128 2006 2217 2052; x_wconf 89' lang='lat' dir='ltr'><strong>eo·</strong></span> <span class='ocrx_word' id='word_1_83' title='bbox 2269 1986 2447 2072; x_wconf 88' lang='lat' dir='ltr'><strong>quod</strong></span> <span class='ocrx_word' id='word_1_84' title='bbox 2513 1984 2654 2073; x_wconf 88' lang='lat' dir='ltr'><strong>ipse</strong></span> <span class='ocrx_word' id='word_1_85' title='bbox 2711 2006 2862 2051; x_wconf 90' lang='lat' dir='ltr'><strong>cum</strong></span> 
     </span>
     <span class='ocr_line' id='line_1_12' title="bbox 760 2085 2862 2175; baseline -0.001 -22"><span class='ocrx_word' id='word_1_86' title='bbox 760 2088 1158 2175; x_wconf 83' lang='lat' dir='ltr'><strong>imperatore</strong></span> <span class='ocrx_word' id='word_1_87' title='bbox 1200 2086 1299 2153; x_wconf 91' lang='lat' dir='ltr'><strong>ire</strong></span> <span class='ocrx_word' id='word_1_88' title='bbox 1341 2086 1577 2166; x_wconf 89' lang='lat' dir='ltr'><strong>noluit,</strong></span> <span class='ocrx_word' id='word_1_89' title='bbox 1623 2107 1744 2153; x_wconf 90' lang='lat' dir='ltr'><strong>neo</strong></span> <span class='ocrx_word' id='word_1_90' title='bbox 1808 2085 2022 2153; x_wconf 85' lang='lat' dir='ltr'><strong>filium</strong></span> <span class='ocrx_word' id='word_1_91' title='bbox 2089 2108 2283 2154; x_wconf 90' lang='lat' dir='ltr'><strong>suum</strong></span> <span class='ocrx_word' id='word_1_92' title='bbox 2344 2086 2862 2175; x_wconf 78' lang='lat' dir='ltr'><strong>primogenitum</strong></span> 
     </span>
     <span class='ocr_line' id='line_1_13' title="bbox 763 2187 2862 2278; baseline 0 -23"><span class='ocrx_word' id='word_1_93' title='bbox 763 2211 913 2256; x_wconf 90' lang='lat' dir='ltr'><strong>cum</strong></span> <span class='ocrx_word' id='word_1_94' title='bbox 956 2211 1035 2256; x_wconf 92' lang='lat' dir='ltr'><strong>eo</strong></span> <span class='ocrx_word' id='word_1_95' title='bbox 1076 2191 1173 2255; x_wconf 88' lang='lat' dir='ltr'><strong>ire</strong></span> <span class='ocrx_word' id='word_1_96' title='bbox 1216 2190 1605 2276; x_wconf 84' lang='lat' dir='ltr'><strong>permittere</strong></span> <span class='ocrx_word' id='word_1_97' title='bbox 1646 2189 1868 2256; x_wconf 85' lang='lat' dir='ltr'><strong>voluit</strong></span> <span class='ocrx_word' id='word_1_98' title='bbox 1913 2190 2057 2257; x_wconf 86' lang='lat' dir='ltr'><strong>sine</strong></span> <span class='ocrx_word' id='word_1_99' title='bbox 2098 2190 2370 2258; x_wconf 90' lang='lat' dir='ltr'><strong>oonsilio</strong></span> <span class='ocrx_word' id='word_1_100' title='bbox 2397 2191 2570 2278; x_wconf 79' lang='lat' dir='ltr'><strong>regis</strong></span> <span class='ocrx_word' id='word_1_101' title='bbox 2599 2187 2862 2276; x_wconf 82' lang='lat' dir='ltr'><strong>Anglise</strong></span> 
     </span>
     <span class='ocr_line' id='line_1_14' title="bbox 761 2290 2864 2380; baseline 0 -22"><span class='ocrx_word' id='word_1_102' title='bbox 761 2291 875 2358; x_wconf 83' lang='lat' dir='ltr'><strong>avi</strong></span> <span class='ocrx_word' id='word_1_103' title='bbox 918 2291 1042 2372; x_wconf 90' lang='lat' dir='ltr'><strong>sui,</strong></span> <span class='ocrx_word' id='word_1_104' title='bbox 1073 2292 1261 2357; x_wconf 79' lang='lat' dir='ltr'><strong>venit</strong></span> <span class='ocrx_word' id='word_1_105' title='bbox 1302 2290 1377 2355; x_wconf 92' lang='lat' dir='ltr'><strong>in</strong></span> <span class='ocrx_word' id='word_1_106' title='bbox 1414 2290 1730 2378; x_wconf 83' lang='lat' dir='ltr'><strong>Angliam</strong></span> <span class='ocrx_word' id='word_1_107' title='bbox 1758 2315 1775 2373; x_wconf 82' lang='lat'>3</span> <span class='ocrx_word' id='word_1_108' title='bbox 1818 2298 1888 2359; x_wconf 83' lang='lat' dir='ltr'><strong>et</strong></span> <span class='ocrx_word' id='word_1_109' title='bbox 1930 2313 2067 2359; x_wconf 88' lang='lat' dir='ltr'><strong>nou</strong></span> <span class='ocrx_word' id='word_1_110' title='bbox 2110 2292 2391 2360; x_wconf 80' lang='lat' dir='ltr'><strong>invento</strong></span> <span class='ocrx_word' id='word_1_111' title='bbox 2432 2313 2605 2380; x_wconf 87' lang='lat' dir='ltr'><strong>rege,</strong></span> <span class='ocrx_word' id='word_1_112' title='bbox 2649 2296 2864 2359; x_wconf 87' lang='lat' dir='ltr'><strong>trans-</strong></span> 
     </span>
    </p>

    <p class='ocr_par' dir='ltr' id='par_1_8' title="bbox 761 2392 2861 2585">
     <span class='ocr_line' id='line_1_15' title="bbox 761 2392 2449 2482; baseline 0.001 -22"><span class='ocrx_word' id='word_1_113' title='bbox 761 2393 1038 2460; x_wconf 83' lang='lat' dir='ltr'><strong>fretavit</strong></span> <span class='ocrx_word' id='word_1_114' title='bbox 1082 2393 1170 2459; x_wconf 78' lang='lat' dir='ltr'><strong>ad</strong></span> <span class='ocrx_word' id='word_1_115' title='bbox 1212 2414 1365 2459; x_wconf 90' lang='lat' dir='ltr'><strong>eum</strong></span> <span class='ocrx_word' id='word_1_116' title='bbox 1409 2393 1493 2459; x_wconf 88' lang='lat' dir='ltr'><strong>de</strong></span> <span class='ocrx_word' id='word_1_117' title='bbox 1537 2393 1790 2482; x_wconf 84' lang='lat' dir='ltr'><strong>Anglia</strong></span> <span class='ocrx_word' id='word_1_118' title='bbox 1832 2395 1908 2460; x_wconf 88' lang='lat' dir='ltr'><strong>in</strong></span> <span class='ocrx_word' id='word_1_119' title='bbox 1951 2392 2449 2462; x_wconf 71' lang='lat' dir='ltr'><strong>Normanniam,</strong></span> 
     </span>
     <span class='ocr_line' id='line_1_16' title="bbox 851 2495 2861 2585; baseline 0 -23"><span class='ocrx_word' id='word_1_120' title='bbox 851 2496 1218 2563; x_wconf 75' lang='lat' dir='ltr'><strong>Praedictus</strong></span> <span class='ocrx_word' id='word_1_121' title='bbox 1288 2495 1650 2584; x_wconf 85' lang='lat' dir='ltr'><strong>imperator</strong></span> <span class='ocrx_word' id='word_1_122' title='bbox 1741 2496 2206 2578; x_wconf 82' lang='lat' dir='ltr'><strong>Romanorum,</strong></span> <span class='ocrx_word' id='word_1_123' title='bbox 2283 2497 2499 2563; x_wconf 90' lang='lat' dir='ltr'><strong>multo</strong></span> <span class='ocrx_word' id='word_1_124' title='bbox 2569 2501 2861 2585; x_wconf 90' lang='lat' dir='ltr'><strong>tempore</strong></span> 
     </span>
    </p>
   </div>
   <div class='ocr_carea' id='block_1_8' title="bbox 762 2599 2860 2769">
    <p class='ocr_par' dir='ltr' id='par_1_9' title="bbox 762 2599 2860 2769">
     <span class='ocr_line' id='line_1_17' title="bbox 762 2599 2860 2690; baseline 0.001 -27"><span class='ocrx_word' id='word_1_125' title='bbox 762 2604 1119 2687; x_wconf 85' lang='lat' dir='ltr'><strong>antequam</strong></span> <span class='ocrx_word' id='word_1_126' title='bbox 1163 2599 1246 2666; x_wconf 88' lang='lat' dir='ltr'><strong>de</strong></span> <span class='ocrx_word' id='word_1_127' title='bbox 1289 2620 1411 2665; x_wconf 86' lang='lat' dir='ltr'><strong>sua</strong></span> <span class='ocrx_word' id='word_1_128' title='bbox 1470 2605 1650 2666; x_wconf 85' lang='lat' dir='ltr'><strong>terra</strong></span> <span class='ocrx_word' id='word_1_129' title='bbox 1710 2601 1940 2679; x_wconf 75' lang='lat' dir='ltr'><strong>exiret,</strong></span> <span class='ocrx_word' id='word_1_130' title='bbox 2007 2600 2326 2690; x_wconf 81' lang='lat' dir='ltr'><strong>praemisit</strong></span> <span class='ocrx_word' id='word_1_131' title='bbox 2389 2600 2650 2666; x_wconf 83' lang='lat' dir='ltr'><strong>litteras</strong></span> <span class='ocrx_word' id='word_1_132' title='bbox 2712 2621 2860 2665; x_wconf 84' lang='lat' dir='ltr'><strong>suas</strong></span> 
     </span>
     <span class='ocr_line' id='line_1_18' title="bbox 764 2700 1630 2769; baseline 0.002 -2"><span class='ocrx_word' id='word_1_133' title='bbox 764 2700 1077 2768; x_wconf 80' lang='lat' dir='ltr'><strong>Saladino</strong></span> <span class='ocrx_word' id='word_1_134' title='bbox 1118 2702 1191 2767; x_wconf 90' lang='lat' dir='ltr'><strong>iu</strong></span> <span class='ocrx_word' id='word_1_135' title='bbox 1234 2702 1359 2769; x_wconf 83' lang='lat' dir='ltr'><strong>hac</strong></span> <span class='ocrx_word' id='word_1_136' title='bbox 1401 2701 1630 2769; x_wconf 82' lang='lat' dir='ltr'><strong>forma.</strong></span> 
     </span>
    </p>
   </div>
   <div class='ocr_carea' id='block_1_9' title="bbox 857 2924 2766 3085">
    <p class='ocr_par' dir='ltr' id='par_1_10' title="bbox 857 2924 2766 3085">
     <span class='ocr_line' id='line_1_19' title="bbox 857 2924 2766 3002; baseline 0.002 -16"><span class='ocrx_word' id='word_1_137' title='bbox 857 2924 1125 3002; x_wconf 71' lang='lat' dir='ltr'><strong>Epistola</strong></span> <span class='ocrx_word' id='word_1_138' title='bbox 1155 2924 1450 2987; x_wconf 67' lang='lat' dir='ltr'><strong>Frederici</strong></span> <span class='ocrx_word' id='word_1_139' title='bbox 1480 2927 1868 2987; x_wconf 62' lang='lat' dir='ltr'><strong>Romanam</strong></span> <span class='ocrx_word' id='word_1_140' title='bbox 1911 2927 2272 3002; x_wconf 57' lang='lat' dir='ltr'><strong>&amp;moratorie</strong></span> <span class='ocrx_word' id='word_1_141' title='bbox 2304 2928 2385 2988; x_wconf 74' lang='lat' dir='ltr'><strong>ad</strong></span> <span class='ocrx_word' id='word_1_142' title='bbox 2418 2928 2766 2991; x_wconf 66' lang='lat' dir='ltr'><strong>Halach&#39;amm</strong></span> 
     </span>
     <span class='ocr_line' id='line_1_20' title="bbox 1540 3012 2107 3085; baseline 0.007 -17"><span class='ocrx_word' id='word_1_143' title='bbox 1540 3027 1722 3085; x_wconf 72' lang='lat' dir='ltr'><strong>rsqem</strong></span> <span class='ocrx_word' id='word_1_144' title='bbox 1753 3012 2107 3084; x_wconf 70' lang='lat' dir='ltr'><strong>Babyloniae.</strong></span> 
     </span>
    </p>
   </div>
   <div class='ocr_carea' id='block_1_10' title="bbox 430 3131 3205 3384">
    <p class='ocr_par' dir='ltr' id='par_1_11' title="bbox 430 3131 3205 3384">
     <span class='ocr_line' id='line_1_21' title="bbox 468 3131 3127 3218; baseline 0.004 -23"><span class='ocrx_word' id='word_1_145' title='bbox 468 3149 579 3195; x_wconf 68' lang='grc' dir='ltr'><strong>ΑΔ).</strong></span> <span class='ocrx_word' id='word_1_146' title='bbox 593 3153 710 3197; x_wconf 79' lang='lat' dir='ltr'><strong>uss.</strong></span> <span class='ocrx_word' id='word_1_147' title='bbox 841 3141 880 3166; x_wconf 77' lang='lat'><strong>‘⁸</strong></span> <span class='ocrx_word' id='word_1_148' title='bbox 896 3133 1269 3205; x_wconf 56' lang='lat' dir='ltr'><strong>heder-icus,</strong></span> <span class='ocrx_word' id='word_1_149' title='bbox 1310 3131 1426 3193; x_wconf 90' lang='lat' dir='ltr'><strong>Dei</strong></span> <span class='ocrx_word' id='word_1_150' title='bbox 1472 3137 1669 3209; x_wconf 81' lang='lat' dir='ltr'><strong>gratia</strong></span> <span class='ocrx_word' id='word_1_151' title='bbox 1713 3135 2113 3195; x_wconf 81' lang='lat' dir='ltr'><strong>Romanorum</strong></span> <span class='ocrx_word' id='word_1_152' title='bbox 2145 3139 2465 3214; x_wconf 87' lang='lat' dir='ltr'><strong>imperator</strong></span> <span class='ocrx_word' id='word_1_153' title='bbox 2517 3148 2582 3201; x_wconf 92' lang='lat' dir='ltr'><strong>et</strong></span> <span class='ocrx_word' id='word_1_154' title='bbox 2631 3161 2864 3218; x_wconf 78' lang='lat' dir='ltr'><strong>semper</strong></span> <span class='ocrx_word' id='word_1_155' title='bbox 2885 3159 3127 3214; x_wconf 69' lang='grc' dir='ltr'><strong>Ηοναιω,</strong></span> 
     </span>
     <span class='ocr_line' id='line_1_22' title="bbox 430 3213 3205 3318; baseline 0.003 -40"><span class='ocrx_word' id='word_1_156' title='bbox 430 3213 749 3309; x_wconf 52' lang='lat' dir='ltr'><strong>fflgneffifflrgg</strong></span> <span class='ocrx_word' id='word_1_157' title='bbox 770 3224 810 3251; x_wconf 88' lang='lat'><strong>“</strong></span> <span class='ocrx_word' id='word_1_158' title='bbox 846 3221 1175 3294; x_wconf 81' lang='lat' dir='ltr'><strong>Augustus,</strong></span> <span class='ocrx_word' id='word_1_159' title='bbox 1215 3227 1277 3279; x_wconf 88' lang='lat' dir='ltr'><strong>et</strong></span> <span class='ocrx_word' id='word_1_160' title='bbox 1308 3221 1571 3278; x_wconf 86' lang='lat' dir='ltr'><strong>hostium</strong></span> <span class='ocrx_word' id='word_1_161' title='bbox 1604 3222 1842 3295; x_wconf 89' lang='lat' dir='ltr'><strong>imperii</strong></span> <span class='ocrx_word' id='word_1_162' title='bbox 1876 3223 2223 3296; x_wconf 86' lang='lat' dir='ltr'><strong>magnificus</strong></span> <span class='ocrx_word' id='word_1_163' title='bbox 2258 3227 2668 3299; x_wconf 80' lang='lat' dir='ltr'><strong>triumphator,</strong></span> <span class='ocrx_word' id='word_1_164' title='bbox 2700 3229 2861 3287; x_wconf 82' lang='lat' dir='ltr'><strong>Sala·</strong></span> <span class='ocrx_word' id='word_1_165' title='bbox 2885 3213 3205 3318; x_wconf 50' lang='grc' dir='ltr'><strong>ἕθᾶξὺξξω,</strong></span> 
     </span>
     <span class='ocr_line' id='line_1_23' title="bbox 430 3305 3033 3384; baseline 0.005 -26"><span class='ocrx_word' id='word_1_166' title='bbox 430 3314 576 3359; x_wconf 71' lang='lat' dir='ltr'><strong>Prode</strong></span> <span class='ocrx_word' id='word_1_167' title='bbox 618 3316 674 3359; x_wconf 80' lang='lat' dir='ltr'><strong>ck</strong></span> <span class='ocrx_word' id='word_1_168' title='bbox 693 3320 743 3360; x_wconf 77' lang='lat' dir='ltr'><strong>to</strong></span> <span class='ocrx_word' id='word_1_169' title='bbox 770 3308 809 3335; x_wconf 87' lang='lat'><strong>“</strong></span> <span class='ocrx_word' id='word_1_170' title='bbox 847 3307 986 3363; x_wconf 82' lang='lat' dir='ltr'><strong>dino</strong></span> <span class='ocrx_word' id='word_1_171' title='bbox 1020 3306 1261 3378; x_wconf 65' lang='lat' dir='ltr'><strong>praesidi</strong></span> <span class='ocrx_word' id='word_1_172' title='bbox 1299 3305 1741 3372; x_wconf 84' lang='lat' dir='ltr'><strong>Saracenorum,</strong></span> <span class='ocrx_word' id='word_1_173' title='bbox 1771 3306 2065 3379; x_wconf 87' lang='lat' dir='ltr'><strong>quondam</strong></span> <span class='ocrx_word' id='word_1_174' title='bbox 2096 3308 2322 3365; x_wconf 79' lang='lat' dir='ltr'><strong>illustri</strong></span> <span class='ocrx_word' id='word_1_175' title='bbox 2345 3313 2611 3384; x_wconf 83' lang='lat' dir='ltr'><strong>exemplo</strong></span> <span class='ocrx_word' id='word_1_176' title='bbox 2646 3313 2863 3371; x_wconf 82' lang='lat' dir='ltr'><strong>Phara·</strong></span> <span class='ocrx_word' id='word_1_177' title='bbox 2886 3325 2926 3357; x_wconf 78' lang='lat'><strong>0·</strong></span> <span class='ocrx_word' id='word_1_178' title='bbox 2941 3317 3033 3358; x_wconf 73' lang='lat'><strong>⁸⁴⁰·</strong></span> 
     </span>
    </p>
   </div>
   <div class='ocr_carea' id='block_1_11' title="bbox 431 3363 3193 4903">
    <p class='ocr_par' dir='ltr' id='par_1_12' title="bbox 431 3363 3193 4903">
     <span class='ocr_line' id='line_1_24' title="bbox 431 3363 3193 3462; baseline 0.005 -16"><span class='ocrx_word' id='word_1_179' title='bbox 431 3365 632 3411; x_wconf 58' lang='lat' dir='ltr'><em>m</em></span> <span class='ocrx_word' id='word_1_180' title='bbox 770 3393 809 3420; x_wconf 84' lang='lat'><strong>‘⁴</strong></span> <span class='ocrx_word' id='word_1_181' title='bbox 847 3391 975 3448; x_wconf 89' lang='lat' dir='ltr'><strong>onis</strong></span> <span class='ocrx_word' id='word_1_182' title='bbox 1010 3391 1221 3462; x_wconf 81' lang='lat' dir='ltr'><strong>fugere</strong></span> <span class='ocrx_word' id='word_1_183' title='bbox 1258 3389 1612 3447; x_wconf 76' lang='lat' dir='ltr'><strong>Jerusalem.</strong></span> <span class='ocrx_word' id='word_1_184' title='bbox 1699 3390 2045 3449; x_wconf 86' lang='lat' dir='ltr'><strong>Devotionis</strong></span> <span class='ocrx_word' id='word_1_185' title='bbox 2068 3398 2187 3448; x_wconf 78' lang='lat' dir='ltr'><strong>tuae</strong></span> <span class='ocrx_word' id='word_1_186' title='bbox 2222 3393 2451 3452; x_wconf 87' lang='lat' dir='ltr'><strong>litteras</strong></span> <span class='ocrx_word' id='word_1_187' title='bbox 2473 3398 2679 3454; x_wconf 88' lang='lat' dir='ltr'><strong>multis</strong></span> <span class='ocrx_word' id='word_1_188' title='bbox 2702 3395 2863 3457; x_wconf 81' lang='lat' dir='ltr'><strong>retro</strong></span> <span class='ocrx_word' id='word_1_189' title='bbox 2883 3363 3001 3459; x_wconf 45' lang='lat' dir='ltr'><strong>{til}</strong></span> <span class='ocrx_word' id='word_1_190' title='bbox 3024 3364 3085 3409; x_wconf 77' lang='lat' dir='ltr'><strong>R.</strong></span> <span class='ocrx_word' id='word_1_191' title='bbox 3103 3364 3193 3412; x_wconf 43' lang='grc' dir='ltr'><strong>ἢ</strong></span> 
     </span>
     <span class='ocr_line' id='line_1_25' title="bbox 473 3474 2863 3557; baseline 0.005 -29"><span class='ocrx_word' id='word_1_192' title='bbox 473 3484 535 3529; x_wconf 78' lang='lat' dir='ltr'><strong>ro.</strong></span> <span class='ocrx_word' id='word_1_193' title='bbox 548 3487 625 3534; x_wconf 73' lang='lat'><strong>187</strong></span> <span class='ocrx_word' id='word_1_194' title='bbox 641 3495 703 3533; x_wconf 63' lang='lat' dir='ltr'><strong>ro.</strong></span> <span class='ocrx_word' id='word_1_195' title='bbox 769 3477 808 3504; x_wconf 88' lang='lat'><strong>“</strong></span> <span class='ocrx_word' id='word_1_196' title='bbox 845 3474 1210 3548; x_wconf 85' lang='lat' dir='ltr'><strong>temporibus</strong></span> <span class='ocrx_word' id='word_1_197' title='bbox 1247 3474 1324 3530; x_wconf 83' lang='lat' dir='ltr'><strong>ad</strong></span> <span class='ocrx_word' id='word_1_198' title='bbox 1356 3492 1464 3531; x_wconf 88' lang='lat' dir='ltr'><strong>nos</strong></span> <span class='ocrx_word' id='word_1_199' title='bbox 1502 3475 1825 3532; x_wconf 83' lang='lat' dir='ltr'><strong>destinatas</strong></span> <span class='ocrx_word' id='word_1_200' title='bbox 1863 3493 2042 3548; x_wconf 89' lang='lat' dir='ltr'><strong>super</strong></span> <span class='ocrx_word' id='word_1_201' title='bbox 2065 3476 2266 3533; x_wconf 77' lang='lat' dir='ltr'><strong>arduis</strong></span> <span class='ocrx_word' id='word_1_202' title='bbox 2300 3480 2574 3551; x_wconf 82' lang='lat' dir='ltr'><strong>negotiis,</strong></span> <span class='ocrx_word' id='word_1_203' title='bbox 2599 3482 2710 3537; x_wconf 89' lang='lat' dir='ltr'><strong>tibi</strong></span> <span class='ocrx_word' id='word_1_204' title='bbox 2735 3482 2863 3557; x_wconf 90' lang='lat' dir='ltr'><strong>qui-</strong></span> 
     </span>
     <span class='ocr_line' id='line_1_26' title="bbox 769 3553 2862 3637; baseline 0.004 -22"><span class='ocrx_word' id='word_1_205' title='bbox 769 3561 807 3588; x_wconf 91' lang='lat'><strong>“</strong></span> <span class='ocrx_word' id='word_1_206' title='bbox 847 3558 981 3615; x_wconf 88' lang='lat' dir='ltr'><strong>dem</strong></span> <span class='ocrx_word' id='word_1_207' title='bbox 1018 3559 1071 3616; x_wconf 89' lang='lat' dir='ltr'><strong>si</strong></span> <span class='ocrx_word' id='word_1_208' title='bbox 1109 3553 1309 3629; x_wconf 84' lang='lat' dir='ltr'><strong>[fides]</strong></span> <span class='ocrx_word' id='word_1_209' title='bbox 1347 3557 1546 3615; x_wconf 83' lang='lat' dir='ltr'><strong>verbis</strong></span> <span class='ocrx_word' id='word_1_210' title='bbox 1584 3558 1908 3616; x_wconf 78' lang='lat' dir='ltr'><strong>subfuisset</strong></span> <span class='ocrx_word' id='word_1_211' title='bbox 1938 3557 2286 3632; x_wconf 77' lang='lat' dir='ltr'><strong>profuturis,</strong></span> <span class='ocrx_word' id='word_1_212' title='bbox 2327 3569 2502 3635; x_wconf 88' lang='lat' dir='ltr'><strong>prout</strong></span> <span class='ocrx_word' id='word_1_213' title='bbox 2535 3565 2862 3637; x_wconf 80' lang='lat' dir='ltr'><strong>majestatis</strong></span> 
     </span>
     <span class='ocr_line' id='line_1_27' title="bbox 768 3637 2865 3722; baseline 0.004 -23"><span class='ocrx_word' id='word_1_214' title='bbox 768 3645 808 3672; x_wconf 87' lang='lat'><strong>“</strong></span> <span class='ocrx_word' id='word_1_215' title='bbox 844 3646 1059 3699; x_wconf 79' lang='lat' dir='ltr'><strong>nostrae</strong></span> <span class='ocrx_word' id='word_1_216' title='bbox 1094 3637 1295 3698; x_wconf 80' lang='lat' dir='ltr'><strong>decuit</strong></span> <span class='ocrx_word' id='word_1_217' title='bbox 1328 3641 1828 3714; x_wconf 83' lang='lat' dir='ltr'><strong>magnificentiam</strong></span> <span class='ocrx_word' id='word_1_218' title='bbox 1867 3648 2033 3700; x_wconf 84' lang='lat' dir='ltr'><strong>tuam</strong></span> <span class='ocrx_word' id='word_1_219' title='bbox 2070 3644 2457 3717; x_wconf 80' lang='lat' dir='ltr'><strong>suscepimus,</strong></span> <span class='ocrx_word' id='word_1_220' title='bbox 2495 3653 2558 3704; x_wconf 88' lang='lat' dir='ltr'><strong>et</strong></span> <span class='ocrx_word' id='word_1_221' title='bbox 2592 3650 2865 3722; x_wconf 84' lang='lat' dir='ltr'><strong>epistola-</strong></span> 
     </span>
     <span class='ocr_line' id='line_1_28' title="bbox 769 3726 2860 3807; baseline 0.005 -25"><span class='ocrx_word' id='word_1_222' title='bbox 769 3730 808 3757; x_wconf 87' lang='lat'><strong><em>“</em></strong></span> <span class='ocrx_word' id='word_1_223' title='bbox 846 3745 981 3783; x_wconf 90' lang='lat' dir='ltr'><strong>rum</strong></span> <span class='ocrx_word' id='word_1_224' title='bbox 1002 3731 1338 3783; x_wconf 62' lang='lat' dir='ltr'><strong>noste-arum</strong></span> <span class='ocrx_word' id='word_1_225' title='bbox 1360 3726 1638 3799; x_wconf 71' lang='lat' dir='ltr'><strong>alloquiis</strong></span> <span class='ocrx_word' id='word_1_226' title='bbox 1663 3727 2060 3800; x_wconf 79' lang='lat' dir='ltr'><strong>magnitudini</strong></span> <span class='ocrx_word' id='word_1_227' title='bbox 2081 3734 2201 3785; x_wconf 80' lang='lat' dir='ltr'><strong>tuoe</strong></span> <span class='ocrx_word' id='word_1_228' title='bbox 2225 3732 2530 3788; x_wconf 84' lang='lat' dir='ltr'><strong>consulere</strong></span> <span class='ocrx_word' id='word_1_229' title='bbox 2559 3732 2860 3807; x_wconf 82' lang='lat' dir='ltr'><strong>[dignum]</strong></span> 
     </span>
     <span class='ocr_line' id='line_1_29' title="bbox 766 3810 2861 3889; baseline 0.005 -23"><span class='ocrx_word' id='word_1_230' title='bbox 766 3813 808 3840; x_wconf 88' lang='lat'><strong>“</strong></span> <span class='ocrx_word' id='word_1_231' title='bbox 843 3811 1136 3867; x_wconf 83' lang='lat' dir='ltr'><strong>duximus.</strong></span> <span class='ocrx_word' id='word_1_232' title='bbox 1226 3810 1404 3867; x_wconf 84' lang='lat' dir='ltr'><strong>Nunc</strong></span> <span class='ocrx_word' id='word_1_233' title='bbox 1454 3827 1596 3867; x_wconf 86' lang='lat' dir='ltr'><strong>vero</strong></span> <span class='ocrx_word' id='word_1_234' title='bbox 1646 3812 1788 3884; x_wconf 82' lang='lat' dir='ltr'><strong>quia</strong></span> <span class='ocrx_word' id='word_1_235' title='bbox 1838 3811 2083 3868; x_wconf 81' lang='lat' dir='ltr'><strong>Terram</strong></span> <span class='ocrx_word' id='word_1_236' title='bbox 2137 3812 2414 3873; x_wconf 82' lang='lat' dir='ltr'><strong>Sanctam</strong></span> <span class='ocrx_word' id='word_1_237' title='bbox 2462 3818 2861 3889; x_wconf 83' lang='lat' dir='ltr'><strong>prophanasti,</strong></span> 
     </span>
     <span class='ocr_line' id='line_1_30' title="bbox 766 3893 2865 3976; baseline 0.004 -25"><span class='ocrx_word' id='word_1_238' title='bbox 766 3898 808 3926; x_wconf 87' lang='lat'><strong>“</strong></span> <span class='ocrx_word' id='word_1_239' title='bbox 844 3895 939 3952; x_wconf 88' lang='lat' dir='ltr'><strong>cui</strong></span> <span class='ocrx_word' id='word_1_240' title='bbox 974 3893 1179 3952; x_wconf 83' lang='lat' dir='ltr'><strong>aeterni</strong></span> <span class='ocrx_word' id='word_1_241' title='bbox 1213 3893 1399 3967; x_wconf 81' lang='lat' dir='ltr'><strong>Regis</strong></span> <span class='ocrx_word' id='word_1_242' title='bbox 1434 3893 1796 3967; x_wconf 55' lang='lat' dir='ltr'><strong>Mperamus</strong></span> <span class='ocrx_word' id='word_1_243' title='bbox 1831 3895 2100 3969; x_wconf 88' lang='lat' dir='ltr'><strong>imperio,</strong></span> <span class='ocrx_word' id='word_1_244' title='bbox 2139 3897 2205 3953; x_wconf 89' lang='lat' dir='ltr'><strong>in</strong></span> <span class='ocrx_word' id='word_1_245' title='bbox 2248 3900 2401 3956; x_wconf 83' lang='lat' dir='ltr'><strong>tanti</strong></span> <span class='ocrx_word' id='word_1_246' title='bbox 2428 3901 2669 3959; x_wconf 88' lang='lat' dir='ltr'><strong>sceleris</strong></span> <span class='ocrx_word' id='word_1_247' title='bbox 2715 3921 2865 3976; x_wconf 78' lang='lat' dir='ltr'><strong>prse-</strong></span> 
     </span>
     <span class='ocr_line' id='line_1_31' title="bbox 765 3975 2863 4053; baseline 0.004 -17"><span class='ocrx_word' id='word_1_248' title='bbox 765 3981 808 4009; x_wconf 86' lang='lat'><strong>“</strong></span> <span class='ocrx_word' id='word_1_249' title='bbox 845 3985 1249 4053; x_wconf 83' lang='lat' dir='ltr'><strong>sumptuosam</strong></span> <span class='ocrx_word' id='word_1_250' title='bbox 1283 3983 1345 4032; x_wconf 87' lang='lat' dir='ltr'><strong>et</strong></span> <span class='ocrx_word' id='word_1_251' title='bbox 1393 3975 1755 4050; x_wconf 88' lang='lat' dir='ltr'><strong>plectibilem</strong></span> <span class='ocrx_word' id='word_1_252' title='bbox 1789 3977 2096 4036; x_wconf 82' lang='lat' dir='ltr'><strong>audaciam</strong></span> <span class='ocrx_word' id='word_1_253' title='bbox 2129 3977 2329 4039; x_wconf 86' lang='lat' dir='ltr'><strong>debita</strong></span> <span class='ocrx_word' id='word_1_254' title='bbox 2363 3984 2863 4044; x_wconf 84' lang='lat' dir='ltr'><strong>animadversione</strong></span> 
     </span>
     <span class='ocr_line' id='line_1_32' title="bbox 766 4059 2865 4141; baseline 0.004 -22"><span class='ocrx_word' id='word_1_255' title='bbox 766 4065 808 4094; x_wconf 85' lang='lat'><strong>“</strong></span> <span class='ocrx_word' id='word_1_256' title='bbox 844 4061 1159 4121; x_wconf 85' lang='lat' dir='ltr'><strong>decernere</strong></span> <span class='ocrx_word' id='word_1_257' title='bbox 1192 4059 1518 4134; x_wconf 86' lang='lat' dir='ltr'><strong>imperialis</strong></span> <span class='ocrx_word' id='word_1_258' title='bbox 1555 4059 1731 4118; x_wconf 86' lang='lat' dir='ltr'><strong>officii</strong></span> <span class='ocrx_word' id='word_1_259' title='bbox 1764 4061 2098 4130; x_wconf 76' lang='lat' dir='ltr'><strong>sollicitudo</strong></span> <span class='ocrx_word' id='word_1_260' title='bbox 2131 4081 2238 4122; x_wconf 91' lang='lat' dir='ltr'><strong>nos</strong></span> <span class='ocrx_word' id='word_1_261' title='bbox 2285 4065 2576 4128; x_wconf 83' lang='lat' dir='ltr'><strong>admonet.</strong></span> <span class='ocrx_word' id='word_1_262' title='bbox 2651 4069 2865 4141; x_wconf 80' lang='lat' dir='ltr'><strong>Quam·-</strong></span> 
     </span>
     <span class='ocr_line' id='line_1_33' title="bbox 767 4145 2865 4219; baseline 0.004 -15"><span class='ocrx_word' id='word_1_263' title='bbox 767 4149 808 4179; x_wconf 85' lang='lat'>“</span> <span class='ocrx_word' id='word_1_264' title='bbox 845 4148 1048 4205; x_wconf 87' lang='lat' dir='ltr'><strong>obrem</strong></span> <span class='ocrx_word' id='word_1_265' title='bbox 1080 4145 1201 4203; x_wconf 88' lang='lat' dir='ltr'><strong>nisi</strong></span> <span class='ocrx_word' id='word_1_266' title='bbox 1247 4151 1591 4219; x_wconf 84' lang='lat' dir='ltr'><strong>occupatam</strong></span> <span class='ocrx_word' id='word_1_267' title='bbox 1634 4151 1857 4204; x_wconf 88' lang='lat' dir='ltr'><strong>terram</strong></span> <span class='ocrx_word' id='word_1_268' title='bbox 1903 4146 2131 4217; x_wconf 78' lang='lat' dir='ltr'><strong>Judeae,</strong></span> <span class='ocrx_word' id='word_1_269' title='bbox 2172 4148 2458 4209; x_wconf 76' lang='lat' dir='ltr'><strong>Samariae</strong></span> <span class='ocrx_word' id='word_1_270' title='bbox 2503 4159 2567 4210; x_wconf 87' lang='lat' dir='ltr'><strong>et</strong></span> <span class='ocrx_word' id='word_1_271' title='bbox 2597 4149 2865 4213; x_wconf 69' lang='lat' dir='ltr'><strong>Palaesti-</strong></span> 
     </span>
     <span class='ocr_line' id='line_1_34' title="bbox 767 4230 2862 4307; baseline 0.004 -18"><span class='ocrx_word' id='word_1_272' title='bbox 767 4234 808 4263; x_wconf 86' lang='lat'><strong>“</strong></span> <span class='ocrx_word' id='word_1_273' title='bbox 844 4248 1056 4290; x_wconf 90' lang='lat' dir='ltr'><strong>norum</strong></span> <span class='ocrx_word' id='word_1_274' title='bbox 1106 4235 1243 4288; x_wconf 87' lang='lat' dir='ltr'><strong>ante</strong></span> <span class='ocrx_word' id='word_1_275' title='bbox 1291 4231 1488 4288; x_wconf 88' lang='lat' dir='ltr'><strong>omnia</strong></span> <span class='ocrx_word' id='word_1_276' title='bbox 1538 4230 1840 4299; x_wconf 81' lang='lat' dir='ltr'><strong>restit-uas,</strong></span> <span class='ocrx_word' id='word_1_277' title='bbox 1893 4232 2170 4307; x_wconf 57' lang='lat' dir='ltr'><strong>adiuncta</strong></span> <span class='ocrx_word' id='word_1_278' title='bbox 2221 4236 2620 4296; x_wconf 81' lang='lat' dir='ltr'><strong>satisfactione</strong></span> <span class='ocrx_word' id='word_1_279' title='bbox 2678 4240 2862 4298; x_wconf 84' lang='lat' dir='ltr'><strong>sacris</strong></span> 
     </span>
     <span class='ocr_line' id='line_1_35' title="bbox 766 4314 2861 4388; baseline 0.003 -14"><span class='ocrx_word' id='word_1_280' title='bbox 766 4320 807 4347; x_wconf 77' lang='lat'><strong>‘⁸</strong></span> <span class='ocrx_word' id='word_1_281' title='bbox 844 4314 1358 4374; x_wconf 84' lang='lat' dir='ltr'><strong>constitutionibus</strong></span> <span class='ocrx_word' id='word_1_282' title='bbox 1391 4333 1501 4388; x_wconf 90' lang='lat' dir='ltr'><strong>pro</strong></span> <span class='ocrx_word' id='word_1_283' title='bbox 1535 4321 1659 4373; x_wconf 84' lang='lat' dir='ltr'><strong>tam</strong></span> <span class='ocrx_word' id='word_1_284' title='bbox 1690 4315 1934 4374; x_wconf 86' lang='lat' dir='ltr'><strong>nefariis</strong></span> <span class='ocrx_word' id='word_1_285' title='bbox 1969 4318 2304 4377; x_wconf 85' lang='lat' dir='ltr'><strong>excessibus</strong></span> <span class='ocrx_word' id='word_1_286' title='bbox 2353 4325 2552 4379; x_wconf 81' lang='lat' dir='ltr'><strong>taxata</strong></span> <span class='ocrx_word' id='word_1_287' title='bbox 2575 4347 2591 4379; x_wconf 70' lang='grc' dir='ltr'><strong>ι</strong></span> <span class='ocrx_word' id='word_1_288' title='bbox 2641 4342 2717 4380; x_wconf 91' lang='lat' dir='ltr'><strong>ne</strong></span> <span class='ocrx_word' id='word_1_289' title='bbox 2751 4324 2861 4380; x_wconf 88' lang='lat' dir='ltr'><strong>mi-</strong></span> 
     </span>
     <span class='ocr_line' id='line_1_36' title="bbox 766 4399 2861 4480; baseline 0.004 -23"><span class='ocrx_word' id='word_1_290' title='bbox 766 4405 807 4432; x_wconf 87' lang='lat'>“</span> <span class='ocrx_word' id='word_1_291' title='bbox 842 4402 1002 4457; x_wconf 88' lang='lat' dir='ltr'><strong>nime</strong></span> <span class='ocrx_word' id='word_1_292' title='bbox 1036 4399 1373 4472; x_wconf 84' lang='lat' dir='ltr'><strong>legitimum</strong></span> <span class='ocrx_word' id='word_1_293' title='bbox 1406 4399 1714 4457; x_wconf 80' lang='lat' dir='ltr'><strong>videamur</strong></span> <span class='ocrx_word' id='word_1_294' title='bbox 1749 4418 2013 4473; x_wconf 81' lang='lat' dir='ltr'><strong>quaerere</strong></span> <span class='ocrx_word' id='word_1_295' title='bbox 2047 4402 2291 4471; x_wconf 88' lang='lat' dir='ltr'><strong>bellum,</strong></span> <span class='ocrx_word' id='word_1_296' title='bbox 2343 4424 2381 4462; x_wconf 88' lang='lat' dir='ltr'><strong>a</strong></span> <span class='ocrx_word' id='word_1_297' title='bbox 2425 4408 2619 4480; x_wconf 83' lang='lat' dir='ltr'><strong>capite</strong></span> <span class='ocrx_word' id='word_1_298' title='bbox 2662 4408 2861 4466; x_wconf 85' lang='lat' dir='ltr'><strong>kalen-</strong></span> 
     </span>
     <span class='ocr_line' id='line_1_37' title="bbox 766 4483 2857 4549; baseline 0.003 -7"><span class='ocrx_word' id='word_1_299' title='bbox 766 4489 807 4515; x_wconf 88' lang='lat'><strong>“</strong></span> <span class='ocrx_word' id='word_1_300' title='bbox 843 4483 1424 4542; x_wconf 78' lang='lat' dir='ltr'><strong>darumNovembris</strong></span> <span class='ocrx_word' id='word_1_301' title='bbox 1447 4502 1597 4540; x_wconf 88' lang='lat' dir='ltr'><strong>anno</strong></span> <span class='ocrx_word' id='word_1_302' title='bbox 1614 4484 2040 4543; x_wconf 86' lang='lat' dir='ltr'><strong>Inoarnationis</strong></span> <span class='ocrx_word' id='word_1_303' title='bbox 2065 4486 2390 4546; x_wconf 79' lang='lat' dir='ltr'><strong>Dominicae</strong></span> <span class='ocrx_word' id='word_1_304' title='bbox 2405 4497 2857 4549; x_wconf 71' lang='lat' dir='ltr'><strong>1⁰c⁰nm⁰vm⁰.</strong></span> 
     </span>
     <span class='ocr_line' id='line_1_38' title="bbox 766 4567 2859 4650; baseline 0.003 -23"><span class='ocrx_word' id='word_1_305' title='bbox 766 4569 806 4600; x_wconf 78' lang='lat'><strong>‘⁸</strong></span> <span class='ocrx_word' id='word_1_306' title='bbox 843 4569 1082 4627; x_wconf 82' lang='lat' dir='ltr'><strong>evoluto</strong></span> <span class='ocrx_word' id='word_1_307' title='bbox 1115 4568 1252 4625; x_wconf 86' lang='lat' dir='ltr'><strong>anni</strong></span> <span class='ocrx_word' id='word_1_308' title='bbox 1287 4567 1496 4642; x_wconf 87' lang='lat' dir='ltr'><strong>spatio,</strong></span> <span class='ocrx_word' id='word_1_309' title='bbox 1521 4568 1843 4625; x_wconf 84' lang='lat' dir='ltr'><strong>terminum</strong></span> <span class='ocrx_word' id='word_1_310' title='bbox 1863 4571 2310 4642; x_wconf 80' lang='lat' dir='ltr'><strong>praestitm’mus,</strong></span> <span class='ocrx_word' id='word_1_311' title='bbox 2340 4573 2417 4630; x_wconf 88' lang='lat' dir='ltr'><strong>ad</strong></span> <span class='ocrx_word' id='word_1_312' title='bbox 2451 4575 2859 4650; x_wconf 84' lang='lat' dir='ltr'><strong>experiendam</strong></span> 
     </span>
     <span class='ocr_line' id='line_1_39' title="bbox 766 4651 2861 4726; baseline 0.004 -14"><span class='ocrx_word' id='word_1_313' title='bbox 766 4658 807 4685; x_wconf 88' lang='lat'><strong>“</strong></span> <span class='ocrx_word' id='word_1_314' title='bbox 840 4654 988 4713; x_wconf 89' lang='lat' dir='ltr'><strong>belli</strong></span> <span class='ocrx_word' id='word_1_315' title='bbox 1021 4654 1316 4710; x_wconf 85' lang='lat' dir='ltr'><strong>fortunam</strong></span> <span class='ocrx_word' id='word_1_316' title='bbox 1359 4653 1424 4709; x_wconf 92' lang='lat' dir='ltr'><strong>in</strong></span> <span class='ocrx_word' id='word_1_317' title='bbox 1470 4651 1692 4726; x_wconf 80' lang='lat' dir='ltr'><strong>Campo</strong></span> <span class='ocrx_word' id='word_1_318' title='bbox 1727 4653 1953 4712; x_wconf 84' lang='lat' dir='ltr'><strong>Taneos</strong></span> <span class='ocrx_word' id='word_1_319' title='bbox 1999 4655 2065 4712; x_wconf 90' lang='lat' dir='ltr'><strong>in</strong></span> <span class='ocrx_word' id='word_1_320' title='bbox 2102 4656 2325 4715; x_wconf 83' lang='lat' dir='ltr'><strong>virtute</strong></span> <span class='ocrx_word' id='word_1_321' title='bbox 2371 4660 2621 4719; x_wconf 81' lang='lat' dir='ltr'><strong>vivifices</strong></span> <span class='ocrx_word' id='word_1_322' title='bbox 2668 4662 2861 4720; x_wconf 85' lang='lat' dir='ltr'><strong>crucis</strong></span> 
     </span>
     <span class='ocr_line' id='line_1_40' title="bbox 766 4735 2862 4817; baseline 0.004 -23"><span class='ocrx_word' id='word_1_323' title='bbox 766 4742 805 4767; x_wconf 79' lang='lat'><strong>‘⁸</strong></span> <span class='ocrx_word' id='word_1_324' title='bbox 845 4744 908 4795; x_wconf 89' lang='lat' dir='ltr'><strong>et</strong></span> <span class='ocrx_word' id='word_1_325' title='bbox 939 4739 1005 4794; x_wconf 89' lang='lat' dir='ltr'><strong>in</strong></span> <span class='ocrx_word' id='word_1_326' title='bbox 1025 4737 1259 4793; x_wconf 89' lang='lat' dir='ltr'><strong>nomine</strong></span> <span class='ocrx_word' id='word_1_327' title='bbox 1279 4737 1410 4793; x_wconf 82' lang='lat' dir='ltr'><strong>veri</strong></span> <span class='ocrx_word' id='word_1_328' title='bbox 1432 4736 1675 4810; x_wconf 83' lang='lat' dir='ltr'><strong>Joseph.</strong></span> <span class='ocrx_word' id='word_1_329' title='bbox 1723 4735 1845 4795; x_wconf 82' lang='lat' dir='ltr'><strong>Vix</strong></span> <span class='ocrx_word' id='word_1_330' title='bbox 1879 4739 2037 4796; x_wconf 85' lang='lat' dir='ltr'><strong>enim</strong></span> <span class='ocrx_word' id='word_1_331' title='bbox 2074 4738 2367 4813; x_wconf 86' lang='lat' dir='ltr'><strong>[credere]</strong></span> <span class='ocrx_word' id='word_1_332' title='bbox 2404 4762 2717 4817; x_wconf 88' lang='lat' dir='ltr'><strong>possumus</strong></span> <span class='ocrx_word' id='word_1_333' title='bbox 2752 4745 2862 4803; x_wconf 85' lang='lat' dir='ltr'><strong>hoc</strong></span> 
     </span>
     <span class='ocr_line' id='line_1_41' title="bbox 768 4820 2861 4903; baseline 0.005 -25"><span class='ocrx_word' id='word_1_334' title='bbox 768 4826 808 4853; x_wconf 74' lang='lat'><strong>‘⁸</strong></span> <span class='ocrx_word' id='word_1_335' title='bbox 844 4828 906 4879; x_wconf 89' lang='lat' dir='ltr'><strong>te</strong></span> <span class='ocrx_word' id='word_1_336' title='bbox 955 4821 1162 4888; x_wconf 84' lang='lat' dir='ltr'><strong>latere,</strong></span> <span class='ocrx_word' id='word_1_337' title='bbox 1216 4820 1373 4892; x_wconf 89' lang='lat' dir='ltr'><strong>quod</strong></span> <span class='ocrx_word' id='word_1_338' title='bbox 1421 4837 1507 4896; x_wconf 57' lang='lat' dir='ltr'><strong>ex⁴</strong></span> <span class='ocrx_word' id='word_1_339' title='bbox 1547 4821 1787 4894; x_wconf 84' lang='lat' dir='ltr'><strong>scriptis</strong></span> <span class='ocrx_word' id='word_1_340' title='bbox 1829 4828 2117 4893; x_wconf 78' lang='lat' dir='ltr'><strong>vetorum,</strong></span> <span class='ocrx_word' id='word_1_341' title='bbox 2173 4832 2236 4883; x_wconf 90' lang='lat' dir='ltr'><strong>et</strong></span> <span class='ocrx_word' id='word_1_342' title='bbox 2286 4827 2555 4888; x_wconf 84' lang='lat' dir='ltr'><strong>historiis</strong></span> <span class='ocrx_word' id='word_1_343' title='bbox 2606 4831 2861 4903; x_wconf 74' lang='lat' dir='ltr'><strong>antiquis</strong></span> 
     </span>
    </p>
   </div>
   <div class='ocr_carea' id='block_1_12' title="bbox 3568 3549 3573 5121">
    <p class='ocr_par' dir='ltr' id='par_1_13' title="bbox 3568 3549 3573 5121">
     <span class='ocr_line' id='line_1_42' title="bbox 3568 3549 3573 5121; baseline 0 0"><span class='ocrx_word' id='word_1_344' title='bbox 3568 3549 3573 5121; x_wconf 95' lang='lat' dir='ltr'><strong> </strong></span> 
     </span>
    </p>
   </div>
  </div>
 </body>
</html>
