3585 5863
1387 803 1682 854 mmmm
1727 803 2044 854 sscuxm.
2681 790 2765 853 45

669 977 738 1038 et
767 972 1076 1038 dominus
1110 995 1335 1039 eorum
1365 994 1484 1038 rex
1516 974 1757 1040 Scotiae
1792 974 2201 1061 juravissent
2246 996 2314 1040 se
2357 974 2543 1039 illam
2582 973 2771 1038 habi·
2832 980 3071 1025 &¹21¹OE-

670 1081 872 1155 turos,
905 1097 1248 1162 nunquam
1291 1076 1474 1141 illam
1523 1077 1774 1142 darent.
1866 1074 1935 1141 N
1938 1077 2116 1143 uncii
2160 1078 2370 1163 igitur
2413 1078 2586 1163 regis
2632 1078 2770 1141 An·
2796 1043 3101 1138 ffiffl'sffiuh

669 1176 839 1262 gliae,
887 1178 1005 1264 qui
1070 1177 1159 1243 ad
1219 1177 1345 1242 hoc
1410 1178 1591 1243 missi
1655 1177 1938 1257 fuerant,
2009 1180 2314 1244 videntes
2385 1201 2455 1244 se
2516 1180 2588 1243 in
2652 1179 2773 1242 hac
2799 1146 3085 1241 {fficiam

673 1285 863 1365 parte
929 1280 1101 1345 nihil
1161 1302 1349 1367 posse
1410 1281 1745 1367 proficere,
1790 1281 1950 1348 licet
2015 1303 2194 1348 nunc
2259 1282 2542 1359 blandis,
2598 1303 2775 1346 nunc

675 1382 918 1468 asperis
962 1381 1322 1469 plurimum
1367 1388 1829 1462 attentassent,
1862 1385 1935 1449 in
1979 1385 2269 1470 patriam
2314 1407 2500 1450 suam
2530 1383 2776 1450 reversi

675 1489 852 1562 sunt,
899 1483 1350 1571 significantes
1412 1484 1681 1550 domino
1747 1506 1870 1551 suo
1935 1486 2078 1571 regi
2120 1486 2405 1574 Angliae,
2452 1487 2567 1572 qui
2615 1491 2776 1551 tunc

676 1584 750 1650 in
797 1586 1213 1652 Normannia
1255 1591 1416 1666 erat,
1447 1608 1834 1674 responsum
1884 1588 2056 1674 regis
2101 1588 2344 1655 Scotiae
2390 1595 2460 1654 et
2488 1609 2773 1655 suorum.

766 1688 1053 1754 Interim
1096 1710 1313 1754 comes
1361 1689 1789 1766 Pictavensis,
1837 1711 2079 1776 magno
2147 1697 2546 1778 congregato
2591 1711 2773 1756 exer-
2802 1708 3005 1753 meh-td

676 1792 832 1870 citu,
900 1790 1232 1878 profectus
1306 1795 1408 1857 est
1475 1790 1831 1872 Berriam;
1906 1791 2094 1877 cujus
2150 1793 2450 1859 adventu
2524 1792 2774 1869 audito,
2800 1762 2961 1903 ‘13¹2‘ss
2978 1809 3072 1853 and

676 1893 1022 1980 Philippus
1064 1914 1185 1957 rex
1230 1892 1635 1958 Francorum
1679 1893 1966 1959 tradidit
2012 1893 2346 1960 Willelmo
2391 1894 2474 1961 de
2521 1860 3117 1975 Barros,{’1}¹‹{¹a¹3={›‘i1’1st.

673 1995 877 2061 militi
922 2016 1060 2073 suo,
1111 1994 1421 2060 Castrum
1468 1994 1740 2059 Radulfi
1783 1995 2310 2075 custodiendum,
2354 2001 2424 2086 et
2485 1997 2626 2084 ipse
2678 2018 2779 2061 re-

674 2118 904 2162 versus
945 2102 1051 2163 est
1092 2096 1166 2162 in
1199 2097 1567 2163 Franciam.
1644 2096 1882 2164 Comes
1925 2102 2153 2164 autem
2200 2098 2523 2164 Ricardus
2570 2104 2777 2166 terras

676 2199 991 2265 comitum
1054 2204 1124 2265 et
1199 2198 1525 2266 baronum
1590 2199 1706 2285 qui
1780 2199 2204 2266 adhaeserunt
2277 2201 2417 2288 regi
2480 2200 2778 2266 Franciae

675 2301 1023 2379 destruxit,
1056 2306 1125 2366 et
1154 2301 1401 2367 multos
1445 2300 1710 2366 illorum
1754 2302 1947 2389 cepit.
2021 2302 2167 2368 Rex
2197 2308 2426 2369 autem
2457 2302 2775 2377 Franciae,

678 2404 907 2469 audito
969 2404 1145 2491 regis
1189 2402 1454 2491 Angliae
1498 2403 1816 2483 adventu,
1862 2426 1905 2468 a
1949 2403 2233 2469 Francia
2288 2405 2584 2470 recedere
2642 2427 2777 2469 non

679 2528 875 2571 ausus
920 2512 1081 2585 erat,
1111 2505 1226 2572 sed
1272 2506 1576 2593 permisit
1620 2506 1950 2571 exercitus
1994 2527 2149 2571 suos
2176 2505 2521 2572 devastare
2564 2513 2777 2573 terras

679 2609 850 2695 regis
893 2608 1174 2696 Angliae.
1269 2607 1469 2673 Unde
1531 2606 1782 2673 factum
1838 2613 1940 2672 est
2003 2608 2180 2693 quod
2235 2608 2580 2696 Philippus
2643 2610 2778 2696 epi·
2803 2635 2900 2679 ‘rho
2916 2636 3049 2681 bubo

678 2732 908 2798 scopus
970 2711 1052 2777 de
1115 2707 1400 2790 Belvez,¹
1450 2708 1978 2796 consanguineus
2041 2710 2216 2797 regis
2264 2710 2580 2791 Franciae,
2627 2733 2777 2776 cum
2801 2687 3019 2781 3³53?ss*

678 2813 972 2879 exercitu
1015 2835 1135 2879 suo
1185 2812 1468 2878 intravit
1511 2810 2010 2889 Normanniam,
2056 2816 2124 2877 et
2175 2812 2533 2879 combussit
2577 2813 2776 2878 Blan-
2801 2787 3083 2942 ξῃὲἶέἰὲξῃῖζ

679 2914 785 2981 chi
815 2914 1047 2981 villam
1093 2914 1354 2981 comitis
1400 2913 1482 2980 de
1512 2914 1714 2993 Auca,
1749 2918 1820 2979 et
1864 2913 2406 2993 Aubermalliam‚
2435 2914 2775 2983 castellum
2801 2942 3007 2986 Auxume.

678 3018 936 3084 comitis
1001 3017 1320 3083 Willelmi
1384 3015 1467 3082 de
1531 3015 1958 3095 Mandevilla,
2024 3019 2095 3083 et
2167 3017 2299 3083 alia
2371 3019 2636 3085 castella
2709 3024 2778 3084 et

680 3121 874 3187 villas
904 3120 1281 3198 combussit,
1314 3125 1386 3186 et
1412 3119 1710 3184 homines
1749 3119 1999 3186 multos
2026 3119 2382 3200 interfecit,
2411 3126 2481 3187 et
2525 3121 2780 3209 praedas

680 3223 981 3290 abduxit.

771 3326 862 3392 Et
905 3327 1046 3413 ipse
1112 3346 1233 3391 rex
1279 3324 1574 3390 Franciae
1619 3346 1768 3389 cum
1838 3324 2131 3390 exercitu
2197 3347 2439 3413 magno
2497 3325 2782 3392 intravit
2805 3337 3095 3433 sshfflfflssff’

681 3435 892 3495 terras
935 3428 1109 3514 regis
1151 3426 1433 3513 Angliae,
1481 3430 1551 3491 et
1616 3425 1978 3490 combussit
2043 3423 2275 3490 villain
2338 3427 2421 3492 de
2473 3427 2667 3506 Trou,
2711 3434 2781 3495 et
2805 3439 2941 3483 'trou-

681 3531 1026 3598 castellum
1069 3534 1306 3609 totum,
1352 3549 1474 3593 nec
1538 3532 1765 3592 tamen
1834 3525 2000 3591 illud
2067 3549 2296 3614 capere
2340 3529 2606 3615 potuit;
2667 3529 2782 3595 sed

683 3633 1126 3721 quadraginta
1190 3631 1273 3698 de
1335 3630 1664 3696 militibus
1737 3628 1913 3716 regis
1976 3629 2242 3716 Angliae
2308 3630 2500 3716 cepit.
2616 3631 2782 3698 Haec

681 3741 934 3816 contra,
1002 3733 1325 3800 Ricardus
1400 3754 1612 3799 comes
1679 3731 2091 3797 Pictavensis
2167 3732 2344 3818 cepit
2415 3734 2783 3799 munitissi-
2808 3757 3012 3803 sichard

682 3861 866 3904 mum
907 3837 1126 3904 locum
1171 3836 1288 3922 qui
1329 3839 1608 3901 vocatur
1639 3833 1764 3899 Les
1812 3833 2080 3911 Reches,
2110 3835 2292 3899 ultra
2336 3833 2509 3900 Treu
2551 3857 2783 3902 versus
2808 3809 3044 3905 ῗέοθιῗοέω

682 3940 1145 4017 Vindocinum,
1193 3943 1263 4005 et
1307 3937 1502 4026 ,cepit
1546 3937 1618 4002 in
1662 3936 1778 4002 illo
1840 3935 1983 4003 loco
2045 3957 2202 4003 xxv.
2250 3936 2499 4004 milites
2559 3944 2629 4005 et
2690 3939 2777 4007 xl.

684 4042 1061 4109 servientes.

779 4144 1109 4210 Henricus
1150 4162 1312 4208 vero
1378 4161 1499 4206 rex
1541 4139 1825 4227 Angliae,
1871 4140 2108 4206 videns
2170 4141 2487 4207 damnum
2555 4148 2626 4209 et
2669 4165 2784 4209 ex·
2806 4157 3055 4255 mma.

686 4267 903 4313 cessus
965 4267 1128 4332 quos
1191 4243 1489 4309 Franciae
1556 4264 1676 4308 rex
1741 4242 1880 4308 suis
1943 4247 2012 4307 et
2074 4242 2203 4308 sibi
2247 4243 2553 4326 faciebat,
2597 4246 2785 4313 misit
2809 4259 2965 4313 Philip

685 4350 772 4415 ad
816 4371 964 4415 eum
1010 4347 1381 4413 Walterum
1425 4345 2031 4432 Rothomagensem
2093 4345 2671 4436 archiepiscopum,
2717 4355 2789 4416 et

687 4452 736 4519 J
738 4451 1063 4517 ohannem
1094 4448 1558 4515 Ebroicensem
1589 4447 1985 4535 episcopum,
2009 4452 2077 4513 et
2096 4448 2509 4515 Willelmum
2539 4451 2789 4518 Mares-

757 4733 775 4767 ¹
799 4733 1014 4801 Belua]
1052 4732 1240 4801 Philip,
1261 4748 1354 4786 son
1374 4732 1435 4784 of
1450 4732 1644 4785 Bobert
1663 4730 1728 4794 L,
1749 4738 1902 4783 count
1924 4729 1983 4783 os
1994 4731 2192 4794 Dreux,
2214 4730 2397 4798 bithop
2423 4738 2588 4784 1180-
2619 4738 2736 4787 217.
