3585 5863
801 832 886 895 96
1641 845 1857 898 cusu
1900 848 2102 898 sums

497 1037 608 1083 Μ).
624 1041 740 1084 usa
798 1017 1119 1085 fratribus
1149 1024 1217 1084 et
1246 1018 1504 1085 familia
1547 1041 1668 1085 sua
1695 1021 1794 1086 ibi
1839 1025 2056 1087 castra
2083 1019 2307 1107 posuit
2334 1018 2457 1085 ubi
2502 1024 2647 1085 erat
2676 1017 2914 1084 hortus
2936 1018 3183 1116 {23⁶3-

463 1151 752 1197 Investiture
800 1125 869 1186 et
913 1124 1093 1186 terra
1152 1120 1443 1205 ejusdem
1509 1121 1901 1210 Hospitalis,
1994 1122 2101 1187 Ex
2149 1121 2283 1188 alia
2327 1127 2519 1209 parte
2562 1140 2773 1207 usque
2837 1119 2914 1183 in

462 1203 515 1246 ⁰¹
525 1204 657 1247 ΔΜ·
798 1245 978 1288 mare
1023 1223 1346 1310 hospitati
1388 1225 1661 1290 fuerunt
1709 1224 2062 1291 Cunradus
2112 1224 2405 1290 Marchio
2449 1227 2521 1290 et
2578 1223 2782 1289 multi
2829 1223 2911 1288 de

800 1325 1312 1392 ultramontanis
1376 1348 1580 1413 usque
1658 1332 1953 1393 montem
2018 1327 2422 1393 Musardum.
2532 1326 2625 1392 Et
2694 1346 2910 1391 comes

801 1426 1131 1493 Robertus
1187 1434 1258 1494 et
1317 1429 1657 1516 episcopus
1717 1429 2137 1495 Belvacensis
2197 1432 2268 1494 et
2331 1450 2545 1495 comes
2590 1426 2909 1493 Airaldus

802 1529 884 1594 de
949 1530 1183 1608 Brena,
1230 1534 1301 1597 et
1348 1530 1589 1597 Franci
1649 1537 1717 1597 et
1764 1530 2093 1619 Campani
2137 1551 2288 1596 cum
2354 1529 2672 1618 gentibus
2735 1528 2913 1615 regis

801 1632 1235 1699 morabantur
1262 1632 1361 1699 ibi
1395 1633 1601 1717 juxta
1629 1633 2013 1698 Thoronum
2044 1654 2248 1720 prope
2281 1632 2548 1699 villam:
2600 1636 2669 1697 et
2699 1630 2910 1695 archi-

800 1733 1087 1819 episcopi
1132 1755 1282 1799 cum
1329 1735 1440 1812 eis,
1472 1735 1724 1801 scilicet
1768 1735 2048 1800 Pisanus
2064 1732 2089 1772 ¹
2135 1739 2205 1800 et
2249 1733 2783 1820 archiepiscopus
2827 1733 2910 1797 de

800 1833 868 1898 N
870 1833 1185 1914 azareth‚2
1229 1835 1756 1924 archiepiscopus
1820 1837 1903 1901 de
1948 1835 2339 1916 Besenzun?
2384 1835 2909 1923 archiepiscopus

800 1935 885 2002 de
927 1935 1448 2016 Arle-le-blanc,4
1488 1938 2009 2025 archiepiscopus
2053 1938 2135 2004 de
2182 1935 2665 2025 Monteregali.⁶

467 2058 566 2103 'rho
580 2069 681 2103 oru-
889 2038 1149 2104 Deinde
1196 2039 1565 2107 Christiani
1607 2040 1905 2106 fecerunt
1949 2062 2158 2107 unum
2202 2040 2527 2107 fossatum
2590 2061 2908 2127 magnum
2936 2058 3180 2112 nomnen,

464 2110 631 2203 ῗῗ-ἓιῗοῗ
643 2109 779 2204 iiiios·
801 2162 842 2206 a
886 2141 1057 2206 mari
1100 2163 1308 2228 usque
1352 2143 1439 2207 ad
1483 2165 1677 2220 mare,
1723 2143 1844 2209 ubi
1890 2148 2034 2209 erat
2078 2143 2398 2209 fossatum
2428 2143 2688 2229 Templi
2732 2142 2909 2208 inter
2931 2112 3023 2156 ⁸⁷⁶*
3040 2110 3085 2154 b*
3101 2116 3171 2155 δ’

466 2222 612 2263 ‘'mp'
799 2264 868 2309 se
912 2248 982 2309 et
1025 2266 1353 2332 paganos:
1435 2250 1505 2310 et
1569 2246 1751 2311 aliud
1795 2245 2115 2311 fossatum
2159 2246 2456 2312 fecerunt
2501 2246 2682 2312 inter
2725 2248 2795 2311 se
2842 2250 2911 2311 et

799 2345 1047 2425 villam,
1082 2346 1181 2412 ita
1212 2347 1390 2434 quod
1415 2346 1681 2413 nullum
1710 2348 1797 2413 ab
1846 2348 1939 2413 eis
1986 2348 2105 2434 qui
2150 2354 2343 2414 erant
2386 2348 2462 2412 in
2504 2341 2670 2413 {willa
2712 2349 2909 2413 time-

799 2447 966 2514 bant
1011 2449 1354 2528 assultnm,
1384 2455 1454 2516 et
1505 2450 1729 2516 nullus
1784 2472 2198 2538 paganorum
2257 2451 2482 2536 egredi
2540 2451 2765 2538 potuit
2828 2448 2910 2514 de

798 2550 977 2631 villa,
1026 2552 1157 2618 nisi
1213 2573 1333 2639 per
1393 2575 1630 2618 manus
1691 2575 1934 2620 eorum.
2050 2553 2143 2618 Et
2210 2553 2482 2641 ingenia
2548 2574 2774 2619 eorum
2841 2557 2909 2617 et

798 2653 1103 2740 perreriae
1173 2654 1702 2721 Christianorum
1768 2658 1946 2720 retro
2006 2653 2254 2720 fossata
2313 2660 2526 2736 erant,
2572 2655 2675 2720 ita
2732 2654 2908 2741 quod

509 2782 570 2827 ιο,
585 2785 662 2827 145
678 2790 742 2828 vo,
799 2756 1024 2822 nullus
1053 2762 1315 2843 poterat
1345 2758 1439 2823 eis
1483 2779 1715 2824 nocere
1747 2779 1833 2823 ex
1861 2760 2051 2844 parte
2081 2757 2372 2824 adversa.
2464 2757 2556 2822 Et
2586 2758 2689 2823 ita
2717 2761 2909 2822 erant

802 2858 1166 2924 Christiani
1210 2859 1497 2947 expositi
1541 2859 1764 2926 ventis
1810 2864 1879 2925 et
1936 2859 2278 2941 imbribus,
2325 2859 2542 2925 nullas
2585 2859 2907 2926 habentes

800 2961 1028 3026 domos
1045 2962 1155 3027 vel
1171 2963 1442 3048 tuguria
1471 2962 1712 3049 quibus
1728 2962 2157 3049 operirentur,
2176 2985 2299 3029 nec
2315 2963 2469 3030 inde
2491 2964 2548 3029 si
2568 2965 2907 3049 jurassent

801 3064 1053 3128 moveri
1123 3069 1448 3150 poterant,
1531 3066 1646 3130 sed
1725 3065 1822 3130 ibi
1892 3065 2245 3152 oportebat
2312 3089 2423 3132 eos
2494 3066 2723 3133 vivere
2787 3072 2908 3132 aut

802 3164 986 3231 mori.
1096 3166 1205 3246 Et,
1274 3171 1354 3231 ut
1418 3166 1669 3233 dictum
1736 3172 1861 3249 est,
1905 3167 2006 3233 ita
2050 3167 2452 3234 obsederunt
2519 3169 2759 3238 Acram
2825 3190 2909 3234 ex

803 3266 985 3332 omni
1030 3272 1238 3354 parte,
1291 3267 1469 3354 quod
1525 3268 1753 3334 nullus
1799 3270 2069 3335 omnino
2115 3291 2200 3335 ex
2243 3292 2322 3336 ea
2368 3272 2645 3358 [posset]
2712 3271 2910 3348 exire,

451 3386 596 3446 ‚They
610 3399 690 3432 aro
704 3389 781 3432 be-
805 3374 873 3435 et
920 3370 1001 3435 de
1031 3370 1138 3436 die
1185 3369 1260 3435 in
1305 3370 1480 3437 diem
1544 3371 1874 3437 insultum
1936 3371 2269 3438 faciebant
2326 3373 2403 3437 in
2465 3395 2631 3439 eam.
2746 3374 2911 3439 Haec

469 3438 780 3541 ἓῖῗὲιᾱιηῗῗωᾱ
803 3476 1035 3538 contra
1093 3494 1180 3537 ex
1240 3494 1377 3537 una
1426 3478 1616 3560 parte
1664 3472 2195 3540 Christianorum
2254 3481 2398 3541 erat
2440 3476 2635 3555 Acra,
2684 3480 2752 3542 et
2795 3475 2912 3542 Sa-

466 3539 671 3636 ‹iiinffl
801 3574 1066 3640 ladinus
1111 3597 1195 3642 ex
1240 3575 1463 3642 altera.
1578 3576 1670 3643 Et
1715 3577 1788 3641 in
1835 3576 2118 3642 veritate
2161 3576 2308 3643 dico
2354 3578 2531 3664 quod
2574 3578 2747 3644 nulli
2788 3602 2912 3644 un-

803 3699 1004 3764 quam
1050 3676 1414 3744 Christiani
1456 3678 1530 3743 in
1574 3678 1697 3744 tali
1743 3678 1853 3744 vel
1896 3684 2091 3745 tanta
2135 3679 2385 3745 fuerint
2436 3682 2912 3768 expectatione,

801 3785 872 3846 et
913 3779 1101 3845 nulla
1143 3780 1237 3846 eis
1282 3780 1522 3847 deferri
1567 3780 1889 3846 victualia
1932 3785 2245 3869 poterant
2288 3782 2421 3848 nisi
2466 3804 2583 3869 per
2625 3805 2821 3849 mare.

465 3893 710 3988 ss⁰n⁸⁰ffi2⁹
893 3882 1146 3949 Eodem
1176 3904 1371 3962 ann0,
1403 3904 1627 3949 mense
1653 3882 1982 3961 Octobris,
2009 3883 2372 3950 Gaufridus
2418 3885 2500 3950 de
2524 3885 2689 3951 Luci
2718 3886 2909 3952 Win-
2934 3891 3188 3990 ggvedfft·

466 3956 611 4038 12¹ssssss
672 3956 730 4037 0⁰
803 3984 1124 4051 toniensis
1185 3985 1454 4063 electus,
1521 3989 1590 4051 et
1660 3983 2011 4050 Hubertus
2071 3985 2350 4052 Walteri
2418 3985 2912 4053 Salesbiriensis
3018 3976 3031 3988 ’
3050 3957 3095 3989 ²

701 3996 725 4038 r

468 4006 765 4089 wmffm
801 4084 1067 4170 electus,
1098 4088 1655 4154 consecrationem
1715 4109 1904 4153 suam
1963 4094 2392 4176 susceperunt
2437 4113 2477 4155 a
2520 4088 2909 4157 Baldewino

811 4267 852 4274 -ο

873 4370 890 4404 ¹
924 4371 1170 4438 Pisanus]
1238 4371 1443 4423 Ubsldo
1487 4372 1814 4436 Rufi-anchi,
1970 4373 1993 4406 ³
2027 4373 2320 4441 Besenzun]
2382 4373 2588 4426 Thierri
2630 4374 2694 4425 of
2741 4374 2913 4426 Mont-

809 4456 1124 4516 1174-1209,
1163 4451 1250 4503 the
1285 4454 1728 4504 standard-bearet
1760 4452 1823 4503 of
1905 4451 2109 4517 faucon,
2138 4457 2453 4507 1179—1191.

802 4532 893 4584 the
948 4532 1188 4585 Crusade.
1258 4531 1446 4583 Chron.
1498 4531 1670 4582 Pisan.
1729 4547 1812 4596 ap.
1930 4561 1939 4568 -
1970 4533 1990 4564 ⁴
2026 4530 2433 4600 Arle-le·Blanc]
2487 4534 2641 4585 Peter
2677 4533 2912 4600 Aynard„

806 4611 1035 4678 Ugheffi,
1055 4610 1210 4662 Italia
1232 4609 1404 4673 Sacra,
1427 4610 1501 4662 iii.
1527 4615 1641 4662 888.
1909 4617 2221 4665 1183-1189.

1135 4692 1139 4696 ⁴
1969 4691 1991 4723 ⁸
2025 4689 2383 4758 Montereyali]
2444 4691 2692 4754 william,
2752 4696 2917 4742 1183-

871 4768 893 4801 ²
927 4767 1215 4834 Nazareth]
1265 4767 1470 4835 Lem-d,
1494 4774 1809 4822 1158-1190.
1906 4775 2052 4824 1191.
