3585 5863
869 880 996 944 156
1684 890 1901 941 essm
1945 891 2147 941 ancus

559 1075 800 1171 &133311201-
861 1065 1236 1150 gredientes
1268 1065 1355 1129 ad
1396 1065 1680 1130 invicem
1712 1063 2056 1150 fregerunt
2086 1064 2443 1129 arundines
2487 1084 2653 1128 suas.
2732 1063 2974 1128 Fracta
2994 1076 3210 1172 ssi'ffi

513 1177 644 1233 'with
659 1190 771 1233 wu-
863 1172 967 1231 est
1013 1188 1222 1253 cappa
1264 1167 1437 1252 regis
1503 1189 1587 1231 ex
1632 1166 2049 1252 percussione
2095 1166 2460 1245 Willelmi3
2528 1165 2703 1230 unde
2762 1166 2971 1229 iratus

528 1240 714 1336 m?
861 1290 982 1333 rex
1057 1267 1383 1354 impetum
1459 1268 1620 1333 fecit
1695 1268 1768 1332 in
1833 1267 2260 1343 willelmum,
2324 1268 2427 1332 ita
2500 1267 2679 1353 quod
2747 1266 2967 1351 ipsum

863 1369 1268 1435 Willelmum
1334 1376 1403 1435 et
1471 1391 1717 1455 equum
1786 1390 1981 1434 suum
2049 1369 2347 1434 titubare
2410 1369 2604 1434 fecit:
2673 1373 2744 1433 et
2807 1368 2966 1432 dum

860 1469 1239 1537 intenderet:
1315 1494 1464 1537 eum
1541 1471 1822 1556 dejicere
1896 1471 1969 1534 in
2034 1474 2299 1549 terram,
2374 1470 2742 1537 declinavit
2807 1469 2966 1535 sella

860 1572 1052 1659 regis,
1101 1573 1573 1656 descenditque
1618 1572 1892 1637 celerius
1936 1593 2059 1638 rex
2102 1576 2173 1636 et
2215 1577 2535 1658 protenus
2581 1571 2789 1637 alium
2833 1569 2965 1635 for-

858 1674 1100 1739 tiorem
1160 1674 1496 1753 ascendit3
1557 1675 1936 1759 iterumque
1994 1674 2321 1759 impetum
2378 1672 2628 1738 faciens
2672 1673 2745 1736 in
2805 1694 2964 1737 eun-

862 1775 1010 1840 dem
1058 1776 1463 1840 Willelmum
1524 1776 1803 1860 dejicere
1847 1796 1985 1841 non
2030 1774 2294 1839 valuit:
2370 1774 2744 1839 Willelmus
2787 1775 2962 1838 enim

863 1877 1145 1942 adhaesit
1191 1877 1355 1942 collo
1400 1877 1556 1962 equi
1601 1876 1745 1955 sui3
1791 1881 1863 1942 et
1908 1876 2349 1941 comminatus
2396 1882 2496 1941 est
2541 1876 2603 1940 ei
2646 1896 2782 1940 rex,
2873 1873 2964 1939 Et

862 2000 1006 2043 cum
1059 1978 1389 2044 Robertus
1435 1978 1515 2043 de
1561 1978 1842 2057 Bretuil,
1874 1979 2054 2043 filius
2098 1978 2373 2043 Roberti
2419 1978 2681 2043 comitis
2720 1977 2966 2042 Leicoe-

860 2080 1010 2145 triae
1066 2080 1379 2160 defuncti,
1428 2079 1534 2145 cui
1598 2101 1719 2143 rex
1780 2079 1980 2165 paulo
2047 2083 2205 2144 ante
2223 2076 2247 2115 ¹
2295 2080 2688 2144 comitatum
2756 2077 2963 2163 patris

860 2182 965 2246 sui
1009 2180 1303 2260 dederat,
1335 2185 1406 2245 et
1450 2181 1832 2246 accinxerat
1877 2180 1939 2245 ei
1983 2180 2281 2266 gladium
2328 2180 2684 2245 comitatus
2715 2179 2966 2244 Leices-

858 2282 1027 2361 triae,
1087 2281 1422 2368 injecisset
1480 2303 1747 2346 manum
1812 2281 1884 2344 in
1949 2282 2342 2368 praedictum
2406 2281 2835 2357 willelmum,
2888 2285 2966 2345 ut

862 2384 1202 2448 dominum
1248 2405 1444 2448 suum
1506 2405 1728 2470 regem
1773 2383 2166 2470 adjuvaret3
2227 2390 2262 2418 “
2290 2380 2626 2462 Sustine‚’'
2670 2383 2772 2447 ait
2829 2405 2961 2458 rex,

861 2494 897 2522 “
934 2493 1004 2551 et
1073 2486 1341 2552 dimitte
1406 2507 1511 2551 me
1581 2492 1650 2550 et
1715 2485 1907 2550 illum
1975 2483 2245 2549 solum.'’
2340 2485 2640 2570 Cumque
2716 2506 2839 2550 rex
2898 2490 2966 2549 et

860 2588 1239 2653 Willelmus
1283 2591 1353 2653 et
1398 2586 1592 2653 dictis
1638 2591 1708 2652 et
1747 2586 1942 2652 factis
1985 2587 2088 2650 ita
2130 2586 2387 2652 diutius
2432 2585 2964 2664 contendissent3

525 2708 764 2804 &algu-dr·
860 2712 1288 2779 prorumpens
1333 2711 1454 2755 rex
1497 2690 1596 2754 ait
1655 2688 1774 2766 illi,
1822 2694 1861 2724 “
1887 2688 2070 2775 Fuge
2118 2688 2291 2765 hinc,
2337 2692 2408 2754 et
2471 2710 2628 2753 cave
2691 2688 2834 2765 tibi,
2883 2710 2964 2753 ne

526 2812 703 2914 mum
721 2862 769 2905 to
864 2800 899 2826 “
943 2791 1227 2879 amplius
1272 2813 1487 2857 coram
1534 2812 1640 2855 me
1685 2812 2075 2872 compareas,
2122 2791 2280 2877 quia
2324 2790 2562 2855 amodo
2608 2794 2676 2855 et
2722 2790 2852 2854 tibi
2896 2794 2964 2855 et

525 2910 636 2955 nun.
864 2905 898 2931 “
945 2898 1080 2963 tuis
1126 2918 1238 2962 ero
1282 2897 1589 2962 inimicus
1633 2894 2045 2985 perpetuus.'’
2122 2895 2480 2962 Discedens
2526 2897 2752 2982 itaque
2796 2894 2962 2961 Wil-

862 2998 1097 3064 lelmus
1144 3002 1413 3083 propter
1457 2998 1630 3083 regis
1690 2999 1856 3062 iram
1903 3006 1973 3063 et
2026 2997 2560 3063 malevolentiam
2607 2998 2836 3064 dolens
2894 3003 2963 3063 et

861 3098 1194 3177 confusus,
1271 3098 1442 3164 abiit
1515 3099 1602 3162 ad
1676 3098 2020 3163 dominum
2098 3121 2293 3165 suum
2360 3121 2581 3187 regem
2646 3100 2962 3180 Franciae,

863 3199 1211 3266 consilium
1256 3203 1326 3263 et
1371 3199 1695 3265 auxilium
1757 3202 2101 3287 postulans
2156 3201 2241 3266 ab
2290 3223 2367 3267 eo
2411 3223 2609 3289 super
2648 3202 2755 3267 his
2815 3224 2962 3287 quae

863 3300 937 3364 in
982 3300 1096 3364 via
1139 3299 1528 3366 acciderant.
1623 3362 1636 3368 -

593 3414 704 3457 Ῥω).
720 3418 760 3457 ³.
956 3401 1038 3465 In
1102 3402 1391 3467 crastino
1438 3401 1628 3468 venit
1691 3422 1813 3468 rex
1879 3401 2194 3481 Franciae,
2241 3424 2327 3467 ex
2388 3409 2579 3490 parte
2625 3403 2958 3483 willelmi,
2990 3422 3218 3473 nox-oden.

526 3476 820 3570 ffffnssffiff
863 3503 950 3567 ad
997 3523 1218 3589 regem
1265 3503 1545 3591 Angues,
1595 3525 1744 3568 cum
1790 3504 2071 3591 supplici
2118 3505 2575 3591 deprecatione
2620 3528 2846 3592 pacem
2893 3513 2962 3572 et
2988 3477 3076 3518 m
3093 3485 3134 3516 ⁸⁵
3149 3478 3213 3518 ἢ

525 3577 743 3622 imm·
864 3604 1375 3671 misericordiam
1422 3606 1780 3691 postulanS‚
1829 3611 1898 3671 et
1940 3628 2062 3671 rex
2105 3605 2326 3671 noluit
2370 3607 2597 3673 audire
2643 3608 2853 3675 illum.

525 3723 798 3830 Τὴξῗιυέὴῗω
952 3707 1081 3772 Die
1126 3707 1433 3793 sequenti
1470 3713 1801 3774 venerunt
1845 3707 1932 3772 ad
1976 3729 2197 3795 regem
2244 3729 2458 3773 comes
2489 3708 2965 3787 Camotensis?
2986 3727 3219 3825 gfff?

523 3836 757 3881 interme
863 3813 933 3873 et
979 3810 1120 3874 dux
1169 3809 1574 3896 Burgundiae
1641 3815 1711 3874 et
1769 3830 1984 3875 comes
2043 3811 2125 3875 de
2171 3810 2233 3875 N
2239 3833 2433 3876 everz
2475 3811 2821 3898 pluresque
2881 3813 2961 3877 de

523 3888 594 3929 ‘⁰¹'
609 3887 720 3932 ‘¹¹⁰¹’
860 3910 1243 3996 proceribus
1311 3909 1608 3975 Franciae
1682 3932 1832 3975 cum
1906 3910 2298 3977 humillimis
2372 3913 2962 3999 supplicationibus

857 4013 945 4078 ad
988 4034 1206 4099 genua
1275 4012 1415 4099 ejus
1483 4011 1840 4097 provoluti,
1888 4035 2010 4099 pro
2079 4014 2305 4079 eadem
2376 4035 2448 4079 re
2508 4016 2963 4101 postulantem

859 4114 974 4179 sed
1019 4136 1138 4179 nec
1183 4135 1301 4178 rex
1361 4133 1472 4178 eos
1538 4113 1768 4178 audire
1830 4113 2060 4179 voluit.
2152 4115 2447 4181 Recessit
2512 4116 2789 4202 proinde
2854 4116 2961 4181 die

925 4363 942 4394 ¹
969 4360 1124 4428 paulo
1139 4361 1282 4427 ante]
1321 4360 1401 4411 die
1422 4362 1741 4425 praecedenti,
1763 4362 1830 4412 H.
1957 4364 2058 4412 and
2080 4362 2167 4413 the
2188 4370 2342 4414 count
2364 4363 2424 4413 of
2451 4363 2700 4423 chartres,
2722 4364 2838 4414 who
2860 4379 2962 4414 was

921 4440 942 4473 2
977 4457 1127 4491 comes
1157 4439 1501 4505 carnotensis]
1533 4440 1866 4504 arehiepisco-
1953 4442 2115 4491 better
2136 4441 2324 4491 known
2348 4457 2405 4492 as
2428 4448 2584 4492 count
2604 4441 2661 4491 of
2677 4442 2837 4501 Eleis,
2859 4457 2962 4492 was

855 4537 948 4587 pus
961 4519 1610 4580 Cantuariensis,Hoveden
1626 4518 1864 4583 (Savile).
1956 4519 2063 4570 also
2097 4521 2226 4571 dead
2259 4519 2312 4569 in
2347 4520 2611 4571 Palestine.
2682 4521 2962 4585 Brompton

855 4600 1084 4663 Perhaps
1107 4615 1181 4649 we
1204 4598 1388 4649 should
1411 4599 1531 4647 read
1553 4601 1582 4625 ‘⁴
1602 4598 1865 4661 episcopus
1952 4598 2150 4648 follows
2192 4599 2278 4649 the
2321 4607 2442 4650 text.
2530 4599 2644 4649 The
2686 4599 2866 4664 bishop
2911 4600 2973 4650 of

856 4684 887 4707 ‘⁴
922 4677 1250 4729 Camotensis
1275 4677 1326 4737 ;'’
1356 4676 1434 4726 for
1453 4676 1539 4727 the
1562 4675 1864 4740 archbishop
1955 4676 2191 4728 charues
2230 4692 2335 4727 was
2373 4685 2425 4728 at
2458 4677 2715 4729 Messius:
2763 4692 2847 4731 see
2878 4696 2964 4745 pp.

855 4759 916 4806 of
945 4756 1256 4821 Canterbury
1297 4770 1403 4807 was
1446 4755 1575 4806 dead
1607 4760 1662 4805 at
1704 4754 1861 4815 Aere,
1905 4744 1912 4809 Ι
1959 4761 2208 4817 128,150.
