<?xml version="1.0" encoding="UTF-8"?>
<!DOCTYPE html PUBLIC "-//W3C//DTD XHTML 1.0 Transitional//EN"
    "http://www.w3.org/TR/xhtml1/DTD/xhtml1-transitional.dtd">
<html xmlns="http://www.w3.org/1999/xhtml" xml:lang="en" lang="en">
 <head>
  <title>
</title>
<meta http-equiv="Content-Type" content="text/html;charset=utf-8" />
  <meta name='ocr-system' content='tesseract 3.04.00' />
  <meta name='ocr-capabilities' content='ocr_page ocr_carea ocr_par ocr_line ocrx_word'/>
</head>
<body>
  <div class='ocr_page' id='page_1' title='image "./chroniclereigns00unkngoog_0241.png"; bbox 0 0 3585 5863; ppageno 0'>
   <div class='ocr_carea' id='block_1_1' title="bbox 316 1075 563 1292">
    <p class='ocr_par' dir='ltr' id='par_1_1' title="bbox 316 1075 563 1292">
     <span class='ocr_line' id='line_1_1' title="bbox 316 1075 563 1126; baseline 0.02 -5"><span class='ocrx_word' id='word_1_1' title='bbox 316 1075 563 1126; x_wconf 71' lang='lat' dir='ltr'>Emeden‘.</span> 
     </span>
     <span class='ocr_line' id='line_1_2' title="bbox 317 1128 554 1173; baseline 0.004 -1"><span class='ocrx_word' id='word_1_2' title='bbox 317 1128 554 1173; x_wconf 61' lang='lat' dir='ltr'>8⁷2⁸.AEss-</span> 
     </span>
     <span class='ocr_line' id='line_1_3' title="bbox 318 1189 555 1241; baseline 0.042 -10"><span class='ocrx_word' id='word_1_3' title='bbox 318 1189 555 1241; x_wconf 54' lang='lat' dir='ltr'>mhi-is.</span> 
     </span>
     <span class='ocr_line' id='line_1_4' title="bbox 317 1244 497 1292; baseline 0.017 -9"><span class='ocrx_word' id='word_1_4' title='bbox 317 1244 497 1292; x_wconf 63' lang='lat' dir='ltr'>15⁰,ae-</span> 
     </span>
    </p>
   </div>
   <div class='ocr_carea' id='block_1_2' title="bbox 309 1791 561 1890">
    <p class='ocr_par' dir='ltr' id='par_1_2' title="bbox 309 1791 561 1890">
     <span class='ocr_line' id='line_1_5' title="bbox 309 1791 561 1890; baseline 0.02 -5"><span class='ocrx_word' id='word_1_5' title='bbox 309 1791 561 1890; x_wconf 56' lang='grc' dir='ltr'>ἒῗῗᾱῗ·</span> 
     </span>
    </p>
   </div>
   <div class='ocr_carea' id='block_1_3' title="bbox 309 1873 552 2057">
    <p class='ocr_par' dir='ltr' id='par_1_3' title="bbox 309 1873 552 2057">
     <span class='ocr_line' id='line_1_6' title="bbox 309 1873 552 1938; baseline 0.012 -3"><span class='ocrx_word' id='word_1_6' title='bbox 309 1873 518 1938; x_wconf 55' lang='lat' dir='ltr'>§horter-</span> <span class='ocrx_word' id='word_1_7' title='bbox 536 1874 552 1895; x_wconf 65' lang='grc'><strong><em>’</em></strong></span> 
     </span>
     <span class='ocr_line' id='line_1_7' title="bbox 313 1956 549 2007; baseline 0 -8"><span class='ocrx_word' id='word_1_8' title='bbox 313 1956 385 1999; x_wconf 74' lang='grc' dir='ltr'>Μ.</span> <span class='ocrx_word' id='word_1_9' title='bbox 403 1956 549 2007; x_wconf 68' lang='lat' dir='ltr'>Paris.</span> 
     </span>
     <span class='ocr_line' id='line_1_8' title="bbox 311 2011 491 2057; baseline 0 -7"><span class='ocrx_word' id='word_1_10' title='bbox 311 2011 408 2057; x_wconf 77' lang='lat'><strong>150,</strong></span> <span class='ocrx_word' id='word_1_11' title='bbox 422 2011 491 2050; x_wconf 69' lang='lat'>55.</span> 
     </span>
    </p>
   </div>
   <div class='ocr_carea' id='block_1_4' title="bbox 303 2707 560 2804">
    <p class='ocr_par' dir='ltr' id='par_1_4' title="bbox 303 2707 560 2804">
     <span class='ocr_line' id='line_1_9' title="bbox 307 2707 560 2761; baseline 0 -10"><span class='ocrx_word' id='word_1_12' title='bbox 307 2707 560 2761; x_wconf 71' lang='lat' dir='ltr'>Emodon.</span> 
     </span>
     <span class='ocr_line' id='line_1_10' title="bbox 303 2761 547 2804; baseline 0.012 -3"><span class='ocrx_word' id='word_1_13' title='bbox 303 2761 402 2802; x_wconf 75' lang='lat'>372.</span> <span class='ocrx_word' id='word_1_14' title='bbox 417 2772 461 2802; x_wconf 73' lang='lat' dir='ltr'>a.</span> <span class='ocrx_word' id='word_1_15' title='bbox 477 2764 547 2804; x_wconf 70' lang='lat'>52.</span> 
     </span>
    </p>
   </div>
   <div class='ocr_carea' id='block_1_5' title="bbox 307 2824 544 2928">
    <p class='ocr_par' dir='ltr' id='par_1_5' title="bbox 307 2824 544 2928">
     <span class='ocr_line' id='line_1_11' title="bbox 309 2824 544 2878; baseline 0.009 -11"><span class='ocrx_word' id='word_1_16' title='bbox 309 2824 544 2878; x_wconf 66' lang='lat' dir='ltr'>11.ng</span> 
     </span>
     <span class='ocr_line' id='line_1_12' title="bbox 307 2879 462 2928; baseline 0.006 -8"><span class='ocrx_word' id='word_1_17' title='bbox 307 2879 404 2928; x_wconf 70' lang='lat'>151,</span> <span class='ocrx_word' id='word_1_18' title='bbox 421 2882 462 2921; x_wconf 77' lang='grc' dir='ltr'>δ.</span> 
     </span>
    </p>
   </div>
   <div class='ocr_carea' id='block_1_6' title="bbox 1374 874 2759 943">
    <p class='ocr_par' dir='ltr' id='par_1_6' title="bbox 1374 874 2759 943">
     <span class='ocr_line' id='line_1_13' title="bbox 1374 874 2759 943; baseline -0.001 -1"><span class='ocrx_word' id='word_1_19' title='bbox 1374 892 1668 942; x_wconf 67' lang='lat' dir='ltr'>nimum</span> <span class='ocrx_word' id='word_1_20' title='bbox 1711 892 2028 943; x_wconf 67' lang='lat' dir='ltr'>suenum.</span> <span class='ocrx_word' id='word_1_21' title='bbox 2677 874 2759 940; x_wconf 88' lang='grc'>69</span> 
     </span>
    </p>
   </div>
   <div class='ocr_carea' id='block_1_7' title="bbox 753 1063 3063 1163">
    <p class='ocr_par' dir='ltr' id='par_1_7' title="bbox 753 1063 3063 1163">
     <span class='ocr_line' id='line_1_14' title="bbox 753 1063 3063 1163; baseline -0.002 -35"><span class='ocrx_word' id='word_1_22' title='bbox 753 1063 922 1129; x_wconf 91' lang='lat' dir='ltr'>Inde</span> <span class='ocrx_word' id='word_1_23' title='bbox 989 1065 1326 1132; x_wconf 71' lang='lat' dir='ltr'>recedenti</span> <span class='ocrx_word' id='word_1_24' title='bbox 1401 1066 1737 1132; x_wconf 88' lang='lat' dir='ltr'>redditum</span> <span class='ocrx_word' id='word_1_25' title='bbox 1813 1078 1915 1133; x_wconf 87' lang='lat' dir='ltr'>est</span> <span class='ocrx_word' id='word_1_26' title='bbox 1989 1072 2276 1133; x_wconf 88' lang='lat' dir='ltr'>castrum</span> <span class='ocrx_word' id='word_1_27' title='bbox 2353 1064 2537 1142; x_wconf 87' lang='lat' dir='ltr'>Troe,</span> <span class='ocrx_word' id='word_1_28' title='bbox 2611 1083 2761 1128; x_wconf 90' lang='lat' dir='ltr'>cum</span> <span class='ocrx_word' id='word_1_29' title='bbox 2820 1068 3063 1163; x_wconf 40' lang='lat' dir='ltr'>ayt-lg?-</span> 
     </span>
    </p>
   </div>
   <div class='ocr_carea' id='block_1_8' title="bbox 664 1166 3088 1271">
    <p class='ocr_par' dir='ltr' id='par_1_8' title="bbox 664 1166 3088 1271">
     <span class='ocr_line' id='line_1_15' title="bbox 664 1166 3088 1271; baseline 0.002 -40"><span class='ocrx_word' id='word_1_30' title='bbox 664 1166 967 1253; x_wconf 85' lang='lat' dir='ltr'>Rupibus</span> <span class='ocrx_word' id='word_1_31' title='bbox 1012 1167 1340 1255; x_wconf 78' lang='lat' dir='ltr'>Episcopi,</span> <span class='ocrx_word' id='word_1_32' title='bbox 1388 1175 1458 1235; x_wconf 85' lang='lat' dir='ltr'>et</span> <span class='ocrx_word' id='word_1_33' title='bbox 1502 1170 1931 1249; x_wconf 87' lang='lat' dir='ltr'>Montorium,</span> <span class='ocrx_word' id='word_1_34' title='bbox 1963 1176 2032 1236; x_wconf 92' lang='lat' dir='ltr'>et</span> <span class='ocrx_word' id='word_1_35' title='bbox 2083 1167 2380 1237; x_wconf 78' lang='lat' dir='ltr'>Carceris</span> <span class='ocrx_word' id='word_1_36' title='bbox 2433 1167 2757 1244; x_wconf 84' lang='lat' dir='ltr'>Castrum,</span> <span class='ocrx_word' id='word_1_37' title='bbox 2784 1169 3088 1271; x_wconf 49' lang='grc' dir='ltr'>ξξέῑῷβιξω</span> 
     </span>
    </p>
   </div>
   <div class='ocr_carea' id='block_1_9' title="bbox 661 1271 3102 1373">
    <p class='ocr_par' dir='ltr' id='par_1_9' title="bbox 661 1271 3102 1373">
     <span class='ocr_line' id='line_1_16' title="bbox 661 1271 3102 1373; baseline 0.001 -40"><span class='ocrx_word' id='word_1_38' title='bbox 661 1274 731 1334; x_wconf 87' lang='lat' dir='ltr'>et</span> <span class='ocrx_word' id='word_1_39' title='bbox 773 1274 1062 1334; x_wconf 61' lang='lat' dir='ltr'>castrum</span> <span class='ocrx_word' id='word_1_40' title='bbox 1109 1272 1190 1337; x_wconf 94' lang='lat' dir='ltr'>de</span> <span class='ocrx_word' id='word_1_41' title='bbox 1237 1272 1406 1351; x_wconf 92' lang='lat' dir='ltr'>Leir‚</span> <span class='ocrx_word' id='word_1_42' title='bbox 1471 1277 1542 1338; x_wconf 92' lang='lat' dir='ltr'>et</span> <span class='ocrx_word' id='word_1_43' title='bbox 1603 1279 1890 1338; x_wconf 84' lang='lat' dir='ltr'>castrum</span> <span class='ocrx_word' id='word_1_44' title='bbox 1946 1271 2139 1339; x_wconf 82' lang='lat' dir='ltr'>Calvi</span> <span class='ocrx_word' id='word_1_45' title='bbox 2199 1271 2468 1351; x_wconf 86' lang='lat' dir='ltr'>Montis,</span> <span class='ocrx_word' id='word_1_46' title='bbox 2515 1274 2582 1334; x_wconf 85' lang='lat' dir='ltr'>et</span> <span class='ocrx_word' id='word_1_47' title='bbox 2627 1291 2762 1333; x_wconf 81' lang='lat' dir='ltr'>cas·</span> <span class='ocrx_word' id='word_1_48' title='bbox 2784 1271 3029 1373; x_wconf 50' lang='lat' dir='ltr'>{22¹²ng</span> <span class='ocrx_word' id='word_1_49' title='bbox 3081 1325 3102 1353; x_wconf 74' lang='grc'><strong>,</strong></span> 
     </span>
    </p>
   </div>
   <div class='ocr_carea' id='block_1_10' title="bbox 661 1371 2992 1466">
    <p class='ocr_par' dir='ltr' id='par_1_10' title="bbox 661 1371 2992 1466">
     <span class='ocr_line' id='line_1_17' title="bbox 661 1371 2992 1466; baseline 0.002 -31"><span class='ocrx_word' id='word_1_50' title='bbox 661 1376 842 1436; x_wconf 89' lang='lat' dir='ltr'>trum</span> <span class='ocrx_word' id='word_1_51' title='bbox 871 1372 1224 1454; x_wconf 83' lang='lat' dir='ltr'>Ambasiae‚</span> <span class='ocrx_word' id='word_1_52' title='bbox 1269 1380 1339 1442; x_wconf 83' lang='lat' dir='ltr'>et</span> <span class='ocrx_word' id='word_1_53' title='bbox 1382 1380 1670 1442; x_wconf 85' lang='lat' dir='ltr'>castrum</span> <span class='ocrx_word' id='word_1_54' title='bbox 1715 1377 1799 1442; x_wconf 89' lang='lat' dir='ltr'>de</span> <span class='ocrx_word' id='word_1_55' title='bbox 1837 1376 2143 1462; x_wconf 80' lang='lat' dir='ltr'>Rupibus</span> <span class='ocrx_word' id='word_1_56' title='bbox 2174 1374 2513 1441; x_wconf 85' lang='lat' dir='ltr'>Carbonis.</span> <span class='ocrx_word' id='word_1_57' title='bbox 2589 1371 2759 1436; x_wconf 87' lang='lat' dir='ltr'>Tan·</span> <span class='ocrx_word' id='word_1_58' title='bbox 2784 1372 2992 1466; x_wconf 56' lang='lat' dir='ltr'>gffi</span> 
     </span>
    </p>
   </div>
   <div class='ocr_carea' id='block_1_11' title="bbox 662 1472 3061 1574">
    <p class='ocr_par' dir='ltr' id='par_1_11' title="bbox 662 1472 3061 1574">
     <span class='ocr_line' id='line_1_18' title="bbox 662 1472 3061 1574; baseline 0.002 -37"><span class='ocrx_word' id='word_1_59' title='bbox 662 1472 814 1539; x_wconf 91' lang='lat' dir='ltr'>dem</span> <span class='ocrx_word' id='word_1_60' title='bbox 880 1474 953 1539; x_wconf 90' lang='lat' dir='ltr'>in</span> <span class='ocrx_word' id='word_1_61' title='bbox 1020 1479 1395 1564; x_wconf 87' lang='lat' dir='ltr'>septimana</span> <span class='ocrx_word' id='word_1_62' title='bbox 1461 1479 1764 1565; x_wconf 75' lang='lat' dir='ltr'>sequenti</span> <span class='ocrx_word' id='word_1_63' title='bbox 1828 1484 1980 1565; x_wconf 90' lang='lat' dir='ltr'>post</span> <span class='ocrx_word' id='word_1_64' title='bbox 2043 1478 2285 1543; x_wconf 65' lang='lat' dir='ltr'>festum</span> <span class='ocrx_word' id='word_1_65' title='bbox 2359 1473 2760 1540; x_wconf 85' lang='lat' dir='ltr'>Nativitatis</span> <span class='ocrx_word' id='word_1_66' title='bbox 2784 1473 3061 1574; x_wconf 49' lang='lat' dir='ltr'>ggffignt·</span> 
     </span>
    </p>
   </div>
   <div class='ocr_carea' id='block_1_12' title="bbox 659 1574 3163 1872">
    <p class='ocr_par' dir='ltr' id='par_1_12' title="bbox 659 1574 3163 1872">
     <span class='ocr_line' id='line_1_19' title="bbox 663 1574 3036 1667; baseline -0 -26"><span class='ocrx_word' id='word_1_67' title='bbox 663 1575 857 1643; x_wconf 88' lang='lat' dir='ltr'>Beati</span> <span class='ocrx_word' id='word_1_68' title='bbox 899 1577 947 1643; x_wconf 84' lang='lat' dir='ltr'><strong>J</strong></span> <span class='ocrx_word' id='word_1_69' title='bbox 950 1578 1250 1658; x_wconf 85' lang='lat' dir='ltr'>ohannis,</span> <span class='ocrx_word' id='word_1_70' title='bbox 1296 1581 1463 1646; x_wconf 87' lang='lat' dir='ltr'>feria</span> <span class='ocrx_word' id='word_1_71' title='bbox 1521 1586 1728 1660; x_wconf 84' lang='lat' dir='ltr'>sexta,</span> <span class='ocrx_word' id='word_1_72' title='bbox 1795 1582 2041 1647; x_wconf 88' lang='lat' dir='ltr'>scilicet</span> <span class='ocrx_word' id='word_1_73' title='bbox 2114 1581 2180 1645; x_wconf 90' lang='lat' dir='ltr'>in</span> <span class='ocrx_word' id='word_1_74' title='bbox 2260 1578 2545 1644; x_wconf 81' lang='lat' dir='ltr'>crastino</span> <span class='ocrx_word' id='word_1_75' title='bbox 2608 1597 2762 1661; x_wconf 87' lang='lat' dir='ltr'>apo·</span> <span class='ocrx_word' id='word_1_76' title='bbox 2783 1574 3036 1667; x_wconf 45' lang='grc' dir='ltr'>ᾒῗοῗξῑὼξέ,</span> 
     </span>
     <span class='ocr_line' id='line_1_20' title="bbox 659 1675 3002 1769; baseline 0.002 -26"><span class='ocrx_word' id='word_1_77' title='bbox 659 1679 979 1745; x_wconf 88' lang='lat' dir='ltr'>stolorum</span> <span class='ocrx_word' id='word_1_78' title='bbox 1026 1682 1210 1747; x_wconf 87' lang='lat' dir='ltr'>Petri</span> <span class='ocrx_word' id='word_1_79' title='bbox 1256 1688 1328 1748; x_wconf 87' lang='lat' dir='ltr'>et</span> <span class='ocrx_word' id='word_1_80' title='bbox 1372 1683 1580 1761; x_wconf 87' lang='lat' dir='ltr'>Pauli,</span> <span class='ocrx_word' id='word_1_81' title='bbox 1629 1683 1915 1749; x_wconf 88' lang='lat' dir='ltr'>Turonis</span> <span class='ocrx_word' id='word_1_82' title='bbox 1958 1681 2195 1749; x_wconf 74' lang='lat' dir='ltr'>venit.l</span> <span class='ocrx_word' id='word_1_83' title='bbox 2782 1675 3002 1769; x_wconf 43' lang='grc' dir='ltr'>ἓξὲξ</span> 
     </span>
     <span class='ocr_line' id='line_1_21' title="bbox 751 1775 3163 1872; baseline -0 -25"><span class='ocrx_word' id='word_1_84' title='bbox 751 1783 880 1849; x_wconf 92' lang='lat' dir='ltr'>Die</span> <span class='ocrx_word' id='word_1_85' title='bbox 948 1784 1297 1851; x_wconf 86' lang='lat' dir='ltr'>Dominica</span> <span class='ocrx_word' id='word_1_86' title='bbox 1359 1787 1664 1872; x_wconf 85' lang='lat' dir='ltr'>proxima</span> <span class='ocrx_word' id='word_1_87' title='bbox 1738 1786 2058 1872; x_wconf 79' lang='lat' dir='ltr'>sequenti,</span> <span class='ocrx_word' id='word_1_88' title='bbox 2129 1784 2477 1871; x_wconf 87' lang='lat' dir='ltr'>Philippus</span> <span class='ocrx_word' id='word_1_89' title='bbox 2544 1803 2759 1848; x_wconf 89' lang='lat' dir='ltr'>comes</span> <span class='ocrx_word' id='word_1_90' title='bbox 2782 1775 2930 1870; x_wconf 57' lang='lat' dir='ltr'>{gum</span> <span class='ocrx_word' id='word_1_91' title='bbox 2945 1776 3073 1820; x_wconf 62' lang='lat'>“¹¹²⁰‘&#39;</span> <span class='ocrx_word' id='word_1_92' title='bbox 3156 1840 3163 1847; x_wconf 89' lang='lat'>.</span> 
     </span>
    </p>
   </div>
   <div class='ocr_carea' id='block_1_13' title="bbox 662 1884 3037 1997">
    <p class='ocr_par' dir='ltr' id='par_1_13' title="bbox 662 1884 3037 1997">
     <span class='ocr_line' id='line_1_22' title="bbox 662 1884 3037 1997; baseline 0.003 -49"><span class='ocrx_word' id='word_1_93' title='bbox 662 1884 1014 1965; x_wconf 82' lang='lat' dir='ltr'>Flandriae‚</span> <span class='ocrx_word' id='word_1_94' title='bbox 1089 1892 1157 1952; x_wconf 88' lang='lat' dir='ltr'>et</span> <span class='ocrx_word' id='word_1_95' title='bbox 1220 1887 1593 1954; x_wconf 89' lang='lat' dir='ltr'>Willelmus</span> <span class='ocrx_word' id='word_1_96' title='bbox 1667 1888 2193 1975; x_wconf 84' lang='lat' dir='ltr'>archiepiscopus</span> <span class='ocrx_word' id='word_1_97' title='bbox 2253 1886 2615 1962; x_wconf 89' lang='lat' dir='ltr'>Remensis,</span> <span class='ocrx_word' id='word_1_98' title='bbox 2690 1888 2758 1949; x_wconf 89' lang='lat' dir='ltr'>et</span> <span class='ocrx_word' id='word_1_99' title='bbox 2781 1952 2851 1995; x_wconf 62' lang='lat' dir='ltr'>Th</span> <span class='ocrx_word' id='word_1_100' title='bbox 2853 1889 3037 1997; x_wconf 46' lang='grc' dir='ltr'>63133ωῇ</span> 
     </span>
    </p>
   </div>
   <div class='ocr_carea' id='block_1_14' title="bbox 661 1987 3085 2097">
    <p class='ocr_par' dir='ltr' id='par_1_14' title="bbox 661 1987 3085 2097">
     <span class='ocr_line' id='line_1_23' title="bbox 661 1987 3085 2097; baseline -0 -45"><span class='ocrx_word' id='word_1_101' title='bbox 661 1988 863 2075; x_wconf 87' lang='lat' dir='ltr'>Hugo</span> <span class='ocrx_word' id='word_1_102' title='bbox 881 1987 907 2027; x_wconf 78' lang='lat'><strong>²</strong></span> <span class='ocrx_word' id='word_1_103' title='bbox 951 1991 1092 2056; x_wconf 82' lang='lat' dir='ltr'>dux</span> <span class='ocrx_word' id='word_1_104' title='bbox 1143 1992 1567 2079; x_wconf 85' lang='lat' dir='ltr'>Burgundiae‚</span> <span class='ocrx_word' id='word_1_105' title='bbox 1636 1992 1722 2056; x_wconf 90' lang='lat' dir='ltr'>ad</span> <span class='ocrx_word' id='word_1_106' title='bbox 1784 2012 2007 2077; x_wconf 86' lang='lat' dir='ltr'>regem</span> <span class='ocrx_word' id='word_1_107' title='bbox 2071 1990 2353 2077; x_wconf 85' lang='lat' dir='ltr'>Angliae,</span> <span class='ocrx_word' id='word_1_108' title='bbox 2417 1988 2531 2075; x_wconf 90' lang='lat' dir='ltr'>qui</span> <span class='ocrx_word' id='word_1_109' title='bbox 2595 1992 2757 2051; x_wconf 88' lang='lat' dir='ltr'>tunc</span> <span class='ocrx_word' id='word_1_110' title='bbox 2779 2003 3085 2097; x_wconf 52' lang='lat' dir='ltr'>3515}ssssng</span> 
     </span>
    </p>
   </div>
   <div class='ocr_carea' id='block_1_15' title="bbox 657 2089 3037 2206">
    <p class='ocr_par' dir='ltr' id='par_1_15' title="bbox 657 2089 3037 2206">
     <span class='ocr_line' id='line_1_24' title="bbox 657 2089 3037 2206; baseline -0.001 -51"><span class='ocrx_word' id='word_1_111' title='bbox 657 2093 974 2178; x_wconf 87' lang='lat' dir='ltr'>temporis</span> <span class='ocrx_word' id='word_1_112' title='bbox 1035 2094 1214 2180; x_wconf 89' lang='lat' dir='ltr'>apud</span> <span class='ocrx_word' id='word_1_113' title='bbox 1277 2095 1566 2161; x_wconf 85' lang='lat' dir='ltr'>Saumur</span> <span class='ocrx_word' id='word_1_114' title='bbox 1609 2098 1775 2172; x_wconf 87' lang='lat' dir='ltr'>erat,</span> <span class='ocrx_word' id='word_1_115' title='bbox 1846 2094 2070 2179; x_wconf 90' lang='lat' dir='ltr'>potius</span> <span class='ocrx_word' id='word_1_116' title='bbox 2114 2092 2196 2156; x_wconf 91' lang='lat' dir='ltr'>de</span> <span class='ocrx_word' id='word_1_117' title='bbox 2241 2114 2360 2157; x_wconf 87' lang='lat' dir='ltr'>sua</span> <span class='ocrx_word' id='word_1_118' title='bbox 2412 2111 2613 2177; x_wconf 87' lang='lat' dir='ltr'>quam</span> <span class='ocrx_word' id='word_1_119' title='bbox 2673 2089 2756 2154; x_wconf 92' lang='lat' dir='ltr'>de</span> <span class='ocrx_word' id='word_1_120' title='bbox 2779 2104 3037 2206; x_wconf 47' lang='lat' dir='ltr'>gffigg</span> 
     </span>
    </p>
   </div>
   <div class='ocr_carea' id='block_1_16' title="bbox 656 2194 3092 2309">
    <p class='ocr_par' dir='ltr' id='par_1_16' title="bbox 656 2194 3092 2309">
     <span class='ocr_line' id='line_1_25' title="bbox 656 2194 3092 2309; baseline 0 -53"><span class='ocrx_word' id='word_1_121' title='bbox 656 2195 841 2279; x_wconf 87' lang='lat' dir='ltr'>regia</span> <span class='ocrx_word' id='word_1_122' title='bbox 868 2194 1237 2277; x_wconf 85' lang='lat' dir='ltr'>voluntate,</span> <span class='ocrx_word' id='word_1_123' title='bbox 1269 2198 1356 2263; x_wconf 89' lang='lat' dir='ltr'>ad</span> <span class='ocrx_word' id='word_1_124' title='bbox 1386 2196 1907 2284; x_wconf 89' lang='lat' dir='ltr'>componendum</span> <span class='ocrx_word' id='word_1_125' title='bbox 1951 2195 2128 2260; x_wconf 89' lang='lat' dir='ltr'>inter</span> <span class='ocrx_word' id='word_1_126' title='bbox 2172 2216 2282 2260; x_wconf 87' lang='lat' dir='ltr'>eos</span> <span class='ocrx_word' id='word_1_127' title='bbox 2326 2196 2754 2259; x_wconf 87' lang='lat' dir='ltr'>accesserunt.</span> <span class='ocrx_word' id='word_1_128' title='bbox 2779 2206 2955 2298; x_wconf 47' lang='lat'>3330,</span> <span class='ocrx_word' id='word_1_129' title='bbox 2979 2218 3092 2309; x_wconf 47' lang='grc' dir='ltr'>οὓς,</span> 
     </span>
    </p>
   </div>
   <div class='ocr_carea' id='block_1_17' title="bbox 657 2294 3003 2487">
    <p class='ocr_par' dir='ltr' id='par_1_17' title="bbox 657 2294 3003 2487">
     <span class='ocr_line' id='line_1_26' title="bbox 657 2294 3003 2386; baseline -0.002 -26"><span class='ocrx_word' id='word_1_130' title='bbox 657 2294 805 2360; x_wconf 77' lang='lat' dir='ltr'>Rex</span> <span class='ocrx_word' id='word_1_131' title='bbox 849 2318 1006 2363; x_wconf 87' lang='lat' dir='ltr'>vero</span> <span class='ocrx_word' id='word_1_132' title='bbox 1052 2298 1349 2366; x_wconf 82' lang='lat' dir='ltr'>Franciae</span> <span class='ocrx_word' id='word_1_133' title='bbox 1393 2299 1525 2363; x_wconf 89' lang='lat' dir='ltr'>illis</span> <span class='ocrx_word' id='word_1_134' title='bbox 1567 2298 1975 2386; x_wconf 68' lang='lat' dir='ltr'>praedixerat</span> <span class='ocrx_word' id='word_1_135' title='bbox 2016 2303 2377 2383; x_wconf 80' lang='lat' dir='ltr'>antequam</span> <span class='ocrx_word' id='word_1_136' title='bbox 2421 2296 2553 2360; x_wconf 88' lang='lat' dir='ltr'>iter</span> <span class='ocrx_word' id='word_1_137' title='bbox 2594 2294 2756 2358; x_wconf 85' lang='lat' dir='ltr'>arri-</span> <span class='ocrx_word' id='word_1_138' title='bbox 2779 2308 2829 2348; x_wconf 84' lang='lat' dir='ltr'>to</span> <span class='ocrx_word' id='word_1_139' title='bbox 2846 2309 3003 2351; x_wconf 68' lang='lat' dir='ltr'>terma.</span> 
     </span>
     <span class='ocr_line' id='line_1_27' title="bbox 657 2397 2756 2487; baseline -0.002 -23"><span class='ocrx_word' id='word_1_140' title='bbox 657 2404 904 2484; x_wconf 86' lang='lat' dir='ltr'>perent,</span> <span class='ocrx_word' id='word_1_141' title='bbox 970 2401 1148 2487; x_wconf 90' lang='lat' dir='ltr'>quod</span> <span class='ocrx_word' id='word_1_142' title='bbox 1209 2402 1645 2467; x_wconf 88' lang='lat' dir='ltr'>nihilominus</span> <span class='ocrx_word' id='word_1_143' title='bbox 1689 2424 1730 2465; x_wconf 87' lang='lat' dir='ltr'>a</span> <span class='ocrx_word' id='word_1_144' title='bbox 1774 2405 1988 2466; x_wconf 88' lang='lat' dir='ltr'>castro</span> <span class='ocrx_word' id='word_1_145' title='bbox 2047 2400 2281 2466; x_wconf 87' lang='lat' dir='ltr'>Sancti</span> <span class='ocrx_word' id='word_1_146' title='bbox 2326 2397 2622 2477; x_wconf 84' lang='lat' dir='ltr'>Martini,</span> <span class='ocrx_word' id='word_1_147' title='bbox 2683 2397 2756 2460; x_wconf 91' lang='lat' dir='ltr'>in</span> 
     </span>
    </p>
   </div>
   <div class='ocr_carea' id='block_1_18' title="bbox 645 2500 2758 2591">
    <p class='ocr_par' dir='ltr' id='par_1_18' title="bbox 645 2500 2758 2591">
     <span class='ocr_line' id='line_1_28' title="bbox 645 2500 2758 2591; baseline -0.001 -26"><span class='ocrx_word' id='word_1_148' title='bbox 645 2523 787 2587; x_wconf 84' lang='lat' dir='ltr'>quo</span> <span class='ocrx_word' id='word_1_149' title='bbox 832 2524 949 2589; x_wconf 90' lang='lat' dir='ltr'>per</span> <span class='ocrx_word' id='word_1_150' title='bbox 991 2504 1239 2569; x_wconf 79' lang='lat' dir='ltr'>vadum</span> <span class='ocrx_word' id='word_1_151' title='bbox 1286 2504 1535 2591; x_wconf 87' lang='lat' dir='ltr'>Ligeris</span> <span class='ocrx_word' id='word_1_152' title='bbox 1589 2526 1658 2569; x_wconf 92' lang='lat' dir='ltr'>se</span> <span class='ocrx_word' id='word_1_153' title='bbox 1718 2507 2069 2589; x_wconf 88' lang='lat' dir='ltr'>receperat,</span> <span class='ocrx_word' id='word_1_154' title='bbox 2116 2504 2190 2567; x_wconf 91' lang='lat' dir='ltr'>in</span> <span class='ocrx_word' id='word_1_155' title='bbox 2237 2500 2581 2567; x_wconf 77' lang='lat' dir='ltr'>civitatem</span> <span class='ocrx_word' id='word_1_156' title='bbox 2625 2500 2758 2564; x_wconf 88' lang='lat' dir='ltr'>fac-</span> 
     </span>
    </p>
   </div>
   <div class='ocr_carea' id='block_1_19' title="bbox 651 2607 3091 3820">
    <p class='ocr_par' dir='ltr' id='par_1_19' title="bbox 653 2607 1449 2673">
     <span class='ocr_line' id='line_1_29' title="bbox 653 2607 1449 2673; baseline 0.005 -5"><span class='ocrx_word' id='word_1_157' title='bbox 653 2610 847 2669; x_wconf 85' lang='lat' dir='ltr'>turus</span> <span class='ocrx_word' id='word_1_158' title='bbox 893 2611 1061 2671; x_wconf 89' lang='lat' dir='ltr'>esset</span> <span class='ocrx_word' id='word_1_159' title='bbox 1106 2607 1449 2673; x_wconf 82' lang='lat' dir='ltr'>assultum.</span> 
     </span>
    </p>

    <p class='ocr_par' dir='ltr' id='par_1_20' title="bbox 651 2707 3091 3820">
     <span class='ocr_line' id='line_1_30' title="bbox 744 2707 3091 2815; baseline -0.003 -43"><span class='ocrx_word' id='word_1_160' title='bbox 744 2707 1056 2774; x_wconf 79' lang='lat' dir='ltr'>Proxima</span> <span class='ocrx_word' id='word_1_161' title='bbox 1099 2716 1324 2775; x_wconf 85' lang='lat' dir='ltr'>autem</span> <span class='ocrx_word' id='word_1_162' title='bbox 1370 2709 1480 2774; x_wconf 91' lang='lat' dir='ltr'>die</span> <span class='ocrx_word' id='word_1_163' title='bbox 1528 2708 1751 2787; x_wconf 72' lang='lat' dir='ltr'>Lunae,</span> <span class='ocrx_word' id='word_1_164' title='bbox 1799 2708 2057 2774; x_wconf 88' lang='lat' dir='ltr'>circiter</span> <span class='ocrx_word' id='word_1_165' title='bbox 2103 2707 2391 2781; x_wconf 86' lang='lat' dir='ltr'>tertiam,</span> <span class='ocrx_word' id='word_1_166' title='bbox 2438 2726 2522 2768; x_wconf 79' lang='lat' dir='ltr'>ex</span> <span class='ocrx_word' id='word_1_167' title='bbox 2566 2708 2755 2790; x_wconf 83' lang='lat' dir='ltr'>parte</span> <span class='ocrx_word' id='word_1_168' title='bbox 2779 2712 3091 2815; x_wconf 46' lang='lat' dir='ltr'>Phffifflygkffl</span> 
     </span>
     <span class='ocr_line' id='line_1_31' title="bbox 658 2807 2938 2897; baseline -0.001 -23"><span class='ocrx_word' id='word_1_169' title='bbox 658 2810 912 2897; x_wconf 84' lang='lat' dir='ltr'>Ligeris</span> <span class='ocrx_word' id='word_1_170' title='bbox 956 2833 1094 2897; x_wconf 82' lang='lat' dir='ltr'>prae</span> <span class='ocrx_word' id='word_1_171' title='bbox 1147 2811 1534 2878; x_wconf 87' lang='lat' dir='ltr'>modicitate</span> <span class='ocrx_word' id='word_1_172' title='bbox 1596 2832 1787 2897; x_wconf 85' lang='lat' dir='ltr'>aquae</span> <span class='ocrx_word' id='word_1_173' title='bbox 1832 2810 1905 2875; x_wconf 90' lang='lat' dir='ltr'>in</span> <span class='ocrx_word' id='word_1_174' title='bbox 1950 2810 2341 2874; x_wconf 88' lang='lat' dir='ltr'>immensum</span> <span class='ocrx_word' id='word_1_175' title='bbox 2390 2807 2632 2871; x_wconf 87' lang='lat' dir='ltr'>arctati</span> <span class='ocrx_word' id='word_1_176' title='bbox 2686 2812 2756 2872; x_wconf 85' lang='lat' dir='ltr'>et</span> <span class='ocrx_word' id='word_1_177' title='bbox 2780 2812 2938 2859; x_wconf 70' lang='lat' dir='ltr'>roura.</span> 
     </span>
     <span class='ocr_line' id='line_1_32' title="bbox 657 2909 2756 3002; baseline -0.002 -25"><span class='ocrx_word' id='word_1_178' title='bbox 657 2914 995 2992; x_wconf 84' lang='lat' dir='ltr'>contracti,</span> <span class='ocrx_word' id='word_1_179' title='bbox 1041 2914 1234 2980; x_wconf 88' lang='lat' dir='ltr'>scalis</span> <span class='ocrx_word' id='word_1_180' title='bbox 1278 2937 1469 2980; x_wconf 90' lang='lat' dir='ltr'>muro</span> <span class='ocrx_word' id='word_1_181' title='bbox 1501 2913 1833 3002; x_wconf 88' lang='lat' dir='ltr'>appositis,</span> <span class='ocrx_word' id='word_1_182' title='bbox 1883 2935 2000 2999; x_wconf 91' lang='lat' dir='ltr'>per</span> <span class='ocrx_word' id='word_1_183' title='bbox 2028 2912 2167 2978; x_wconf 89' lang='lat' dir='ltr'>vim</span> <span class='ocrx_word' id='word_1_184' title='bbox 2212 2916 2406 2998; x_wconf 84' lang='lat' dir='ltr'>capta</span> <span class='ocrx_word' id='word_1_185' title='bbox 2449 2913 2552 2975; x_wconf 89' lang='lat' dir='ltr'>est</span> <span class='ocrx_word' id='word_1_186' title='bbox 2597 2909 2756 2975; x_wconf 81' lang='lat' dir='ltr'>civi-</span> 
     </span>
     <span class='ocr_line' id='line_1_33' title="bbox 655 3013 2753 3104; baseline -0.001 -23"><span class='ocrx_word' id='word_1_187' title='bbox 655 3021 776 3096; x_wconf 86' lang='lat' dir='ltr'>tas,</span> <span class='ocrx_word' id='word_1_188' title='bbox 845 3021 914 3081; x_wconf 90' lang='lat' dir='ltr'>et</span> <span class='ocrx_word' id='word_1_189' title='bbox 962 3017 1034 3081; x_wconf 92' lang='lat' dir='ltr'>in</span> <span class='ocrx_word' id='word_1_190' title='bbox 1096 3040 1174 3083; x_wconf 84' lang='lat' dir='ltr'>ea</span> <span class='ocrx_word' id='word_1_191' title='bbox 1219 3018 1557 3103; x_wconf 81' lang='lat' dir='ltr'>octoginta</span> <span class='ocrx_word' id='word_1_192' title='bbox 1619 3016 1865 3081; x_wconf 87' lang='lat' dir='ltr'>milites</span> <span class='ocrx_word' id='word_1_193' title='bbox 1930 3020 2000 3080; x_wconf 88' lang='lat' dir='ltr'>et</span> <span class='ocrx_word' id='word_1_194' title='bbox 2063 3020 2328 3080; x_wconf 89' lang='lat' dir='ltr'>centum</span> <span class='ocrx_word' id='word_1_195' title='bbox 2391 3013 2753 3104; x_wconf 81' lang='lat' dir='ltr'>servientes</span> 
     </span>
     <span class='ocr_line' id='line_1_34' title="bbox 655 3116 2754 3206; baseline -0 -25"><span class='ocrx_word' id='word_1_196' title='bbox 655 3119 833 3205; x_wconf 85' lang='lat' dir='ltr'>capti</span> <span class='ocrx_word' id='word_1_197' title='bbox 878 3124 1053 3186; x_wconf 90' lang='lat' dir='ltr'>sunt.</span> <span class='ocrx_word' id='word_1_198' title='bbox 1146 3118 1322 3185; x_wconf 89' lang='lat' dir='ltr'>Proh</span> <span class='ocrx_word' id='word_1_199' title='bbox 1368 3118 1598 3184; x_wconf 78' lang='lat' dir='ltr'>dolor!</span> <span class='ocrx_word' id='word_1_200' title='bbox 1646 3141 1730 3185; x_wconf 82' lang='lat' dir='ltr'>ex</span> <span class='ocrx_word' id='word_1_201' title='bbox 1775 3141 1914 3183; x_wconf 86' lang='lat' dir='ltr'>una</span> <span class='ocrx_word' id='word_1_202' title='bbox 1958 3124 2148 3206; x_wconf 86' lang='lat' dir='ltr'>parte</span> <span class='ocrx_word' id='word_1_203' title='bbox 2179 3116 2439 3182; x_wconf 86' lang='lat' dir='ltr'>Pictavi</span> <span class='ocrx_word' id='word_1_204' title='bbox 2469 3121 2754 3203; x_wconf 87' lang='lat' dir='ltr'>praeten-</span> 
     </span>
     <span class='ocr_line' id='line_1_35' title="bbox 654 3219 2755 3309; baseline -0.001 -25"><span class='ocrx_word' id='word_1_205' title='bbox 654 3220 904 3286; x_wconf 89' lang='lat' dir='ltr'>debant</span> <span class='ocrx_word' id='word_1_206' title='bbox 947 3221 1093 3308; x_wconf 85' lang='lat' dir='ltr'>regi</span> <span class='ocrx_word' id='word_1_207' title='bbox 1151 3222 1414 3309; x_wconf 85' lang='lat' dir='ltr'>Angliae</span> <span class='ocrx_word' id='word_1_208' title='bbox 1477 3223 1751 3287; x_wconf 91' lang='lat' dir='ltr'>domino</span> <span class='ocrx_word' id='word_1_209' title='bbox 1816 3243 1933 3287; x_wconf 86' lang='lat' dir='ltr'>suo</span> <span class='ocrx_word' id='word_1_210' title='bbox 1999 3220 2312 3299; x_wconf 82' lang='lat' dir='ltr'>insidias3</span> <span class='ocrx_word' id='word_1_211' title='bbox 2380 3225 2449 3284; x_wconf 94' lang='lat' dir='ltr'>et</span> <span class='ocrx_word' id='word_1_212' title='bbox 2494 3240 2579 3284; x_wconf 78' lang='lat' dir='ltr'>ex</span> <span class='ocrx_word' id='word_1_213' title='bbox 2623 3219 2755 3283; x_wconf 85' lang='lat' dir='ltr'>alia</span> 
     </span>
     <span class='ocr_line' id='line_1_36' title="bbox 651 3322 2753 3410; baseline -0 -23"><span class='ocrx_word' id='word_1_214' title='bbox 651 3328 839 3409; x_wconf 86' lang='lat' dir='ltr'>parte</span> <span class='ocrx_word' id='word_1_215' title='bbox 886 3323 1196 3389; x_wconf 88' lang='lat' dir='ltr'>Britones</span> <span class='ocrx_word' id='word_1_216' title='bbox 1239 3324 1354 3409; x_wconf 89' lang='lat' dir='ltr'>qui</span> <span class='ocrx_word' id='word_1_217' title='bbox 1400 3324 1540 3410; x_wconf 87' lang='lat' dir='ltr'>regi</span> <span class='ocrx_word' id='word_1_218' title='bbox 1596 3322 1899 3389; x_wconf 84' lang='lat' dir='ltr'>Franciae</span> <span class='ocrx_word' id='word_1_219' title='bbox 1960 3322 2173 3388; x_wconf 89' lang='lat' dir='ltr'>dediti</span> <span class='ocrx_word' id='word_1_220' title='bbox 2224 3324 2503 3403; x_wconf 85' lang='lat' dir='ltr'>fuerant,</span> <span class='ocrx_word' id='word_1_221' title='bbox 2552 3327 2621 3387; x_wconf 89' lang='lat' dir='ltr'>et</span> <span class='ocrx_word' id='word_1_222' title='bbox 2667 3322 2753 3386; x_wconf 86' lang='lat' dir='ltr'>ab</span> 
     </span>
     <span class='ocr_line' id='line_1_37' title="bbox 652 3423 2752 3512; baseline -0 -23"><span class='ocrx_word' id='word_1_223' title='bbox 652 3446 730 3489; x_wconf 92' lang='lat' dir='ltr'>eo</span> <span class='ocrx_word' id='word_1_224' title='bbox 799 3424 1060 3491; x_wconf 85' lang='lat' dir='ltr'>litteras</span> <span class='ocrx_word' id='word_1_225' title='bbox 1126 3431 1432 3512; x_wconf 82' lang='lat' dir='ltr'>patentes</span> <span class='ocrx_word' id='word_1_226' title='bbox 1499 3425 1837 3491; x_wconf 85' lang='lat' dir='ltr'>habebant</span> <span class='ocrx_word' id='word_1_227' title='bbox 1899 3425 2302 3511; x_wconf 85' lang='lat' dir='ltr'>impetratas,</span> <span class='ocrx_word' id='word_1_228' title='bbox 2374 3423 2550 3510; x_wconf 91' lang='lat' dir='ltr'>quod</span> <span class='ocrx_word' id='word_1_229' title='bbox 2615 3423 2752 3509; x_wconf 90' lang='lat' dir='ltr'>ipse</span> 
     </span>
     <span class='ocr_line' id='line_1_38' title="bbox 651 3527 2752 3616; baseline 0 -25"><span class='ocrx_word' id='word_1_230' title='bbox 651 3527 1034 3594; x_wconf 87' lang='lat' dir='ltr'>nullatenus</span> <span class='ocrx_word' id='word_1_231' title='bbox 1079 3551 1227 3594; x_wconf 90' lang='lat' dir='ltr'>cum</span> <span class='ocrx_word' id='word_1_232' title='bbox 1273 3551 1426 3616; x_wconf 89' lang='lat' dir='ltr'>rege</span> <span class='ocrx_word' id='word_1_233' title='bbox 1455 3528 1715 3614; x_wconf 86' lang='lat' dir='ltr'>Angliae</span> <span class='ocrx_word' id='word_1_234' title='bbox 1746 3534 2181 3614; x_wconf 86' lang='lat' dir='ltr'>componeret,</span> <span class='ocrx_word' id='word_1_235' title='bbox 2228 3528 2359 3593; x_wconf 89' lang='lat' dir='ltr'>nisi</span> <span class='ocrx_word' id='word_1_236' title='bbox 2405 3549 2554 3592; x_wconf 89' lang='lat' dir='ltr'>cum</span> <span class='ocrx_word' id='word_1_237' title='bbox 2595 3549 2752 3613; x_wconf 86' lang='lat' dir='ltr'>pace</span> 
     </span>
     <span class='ocr_line' id='line_1_39' title="bbox 655 3629 2940 3715; baseline -0 -21"><span class='ocrx_word' id='word_1_238' title='bbox 655 3630 912 3696; x_wconf 86' lang='lat' dir='ltr'>dimissi</span> <span class='ocrx_word' id='word_1_239' title='bbox 956 3631 1210 3696; x_wconf 79' lang='lat' dir='ltr'>fuerint</span> <span class='ocrx_word' id='word_1_240' title='bbox 1265 3632 1619 3696; x_wconf 86' lang='lat' dir='ltr'>Brittones.</span> <span class='ocrx_word' id='word_1_241' title='bbox 1720 3630 1866 3694; x_wconf 83' lang='lat' dir='ltr'>Rex</span> <span class='ocrx_word' id='word_1_242' title='bbox 1926 3650 2082 3694; x_wconf 90' lang='lat' dir='ltr'>vero</span> <span class='ocrx_word' id='word_1_243' title='bbox 2141 3629 2405 3715; x_wconf 81' lang='lat' dir='ltr'>Angliae</span> <span class='ocrx_word' id='word_1_244' title='bbox 2450 3629 2524 3692; x_wconf 92' lang='lat' dir='ltr'>in</span> <span class='ocrx_word' id='word_1_245' title='bbox 2561 3634 2749 3704; x_wconf 67' lang='lat' dir='ltr'>‚arcto</span> <span class='ocrx_word' id='word_1_246' title='bbox 2776 3650 2940 3704; x_wconf 66' lang='lat' dir='ltr'>nemy</span> 
     </span>
     <span class='ocr_line' id='line_1_40' title="bbox 652 3704 2997 3820; baseline 0 -24"><span class='ocrx_word' id='word_1_247' title='bbox 652 3733 925 3818; x_wconf 74' lang='lat' dir='ltr'>positus,</span> <span class='ocrx_word' id='word_1_248' title='bbox 987 3756 1212 3820; x_wconf 89' lang='lat' dir='ltr'>pacem</span> <span class='ocrx_word' id='word_1_249' title='bbox 1279 3733 1437 3798; x_wconf 89' lang='lat' dir='ltr'>fecit</span> <span class='ocrx_word' id='word_1_250' title='bbox 1504 3754 1648 3797; x_wconf 89' lang='lat' dir='ltr'>cum</span> <span class='ocrx_word' id='word_1_251' title='bbox 1707 3732 2017 3818; x_wconf 90' lang='lat' dir='ltr'>Philippo</span> <span class='ocrx_word' id='word_1_252' title='bbox 2083 3753 2234 3819; x_wconf 85' lang='lat' dir='ltr'>rege</span> <span class='ocrx_word' id='word_1_253' title='bbox 2303 3731 2602 3796; x_wconf 83' lang='lat' dir='ltr'>Franciae</span> <span class='ocrx_word' id='word_1_254' title='bbox 2676 3731 2750 3794; x_wconf 89' lang='lat' dir='ltr'>in</span> <span class='ocrx_word' id='word_1_255' title='bbox 2773 3704 2997 3804; x_wconf 33' lang='grc' dir='ltr'>κω</span> 
     </span>
    </p>
   </div>
   <div class='ocr_carea' id='block_1_20' title="bbox 651 3833 1224 3915">
    <p class='ocr_par' dir='ltr' id='par_1_21' title="bbox 651 3833 1224 3915">
     <span class='ocr_line' id='line_1_41' title="bbox 651 3833 1224 3915; baseline 0.002 -16"><span class='ocrx_word' id='word_1_256' title='bbox 651 3835 827 3900; x_wconf 85' lang='lat' dir='ltr'>hunc</span> <span class='ocrx_word' id='word_1_257' title='bbox 872 3837 1136 3901; x_wconf 90' lang='lat' dir='ltr'>modum</span> <span class='ocrx_word' id='word_1_258' title='bbox 1165 3860 1180 3915; x_wconf 84' lang='lat'>3</span> <span class='ocrx_word' id='word_1_259' title='bbox 1197 3833 1224 3874; x_wconf 76' lang='grc'>3</span> 
     </span>
    </p>
   </div>
   <div class='ocr_carea' id='block_1_21' title="bbox 2214 3983 2645 3991">
    <p class='ocr_par' dir='ltr' id='par_1_22' title="bbox 2214 3983 2645 3991">
     <span class='ocr_line' id='line_1_42' title="bbox 2214 3983 2645 3991; baseline 0 1872"><span class='ocrx_word' id='word_1_260' title='bbox 2214 3983 2645 3991; x_wconf 95' lang='lat' dir='ltr'> </span> 
     </span>
    </p>
   </div>
   <div class='ocr_carea' id='block_1_22' title="bbox 659 3984 2740 3995">
    <p class='ocr_par' dir='ltr' id='par_1_23' title="bbox 659 3984 2740 3995">
     <span class='ocr_line' id='line_1_43' title="bbox 659 3984 2740 3995; baseline -0.001 -4"><span class='ocrx_word' id='word_1_261' title='bbox 659 3985 1052 3995; x_wconf 40' lang='lat' dir='ltr'><strong>,——.—-———-—ffi0-*</strong></span> <span class='ocrx_word' id='word_1_262' title='bbox 1079 3985 1348 3993; x_wconf 42' lang='grc' dir='ltr'>--βω-..-</span> <span class='ocrx_word' id='word_1_263' title='bbox 1455 3987 1488 3991; x_wconf 60' lang='lat'>.-</span> <span class='ocrx_word' id='word_1_264' title='bbox 1517 3987 1542 3992; x_wconf 73' lang='lat'>-</span> <span class='ocrx_word' id='word_1_265' title='bbox 1577 3986 1630 3992; x_wconf 80' lang='lat'><em>-</em></span> <span class='ocrx_word' id='word_1_266' title='bbox 1651 3986 1708 3992; x_wconf 56' lang='grc'>,4-</span> <span class='ocrx_word' id='word_1_267' title='bbox 1733 3985 1835 3992; x_wconf 43' lang='grc' dir='ltr'>μῲ</span> <span class='ocrx_word' id='word_1_268' title='bbox 1904 3984 2057 3991; x_wconf 40' lang='grc' dir='ltr'><strong><em>,ᾒ--ψ</em></strong></span> <span class='ocrx_word' id='word_1_269' title='bbox 2080 3984 2211 3991; x_wconf 53' lang='grc' dir='ltr'>ψ·</span> <span class='ocrx_word' id='word_1_270' title='bbox 2704 3985 2740 3990; x_wconf 82' lang='grc'>.-</span> 
     </span>
    </p>
   </div>
   <div class='ocr_carea' id='block_1_23' title="bbox 643 4074 2755 4853">
    <p class='ocr_par' dir='ltr' id='par_1_24' title="bbox 645 4074 2750 4537">
     <span class='ocr_line' id='line_1_44' title="bbox 721 4074 2749 4137; baseline 0 -13"><span class='ocrx_word' id='word_1_271' title='bbox 721 4074 734 4106; x_wconf 92' lang='lat'>¹</span> <span class='ocrx_word' id='word_1_272' title='bbox 771 4075 831 4125; x_wconf 82' lang='lat' dir='ltr'>If</span> <span class='ocrx_word' id='word_1_273' title='bbox 859 4076 962 4127; x_wconf 83' lang='lat' dir='ltr'>this</span> <span class='ocrx_word' id='word_1_274' title='bbox 999 4078 1114 4128; x_wconf 82' lang='lat' dir='ltr'>date</span> <span class='ocrx_word' id='word_1_275' title='bbox 1151 4077 1195 4126; x_wconf 83' lang='lat' dir='ltr'>is</span> <span class='ocrx_word' id='word_1_276' title='bbox 1233 4083 1443 4137; x_wconf 82' lang='lat' dir='ltr'>correct,</span> <span class='ocrx_word' id='word_1_277' title='bbox 1476 4078 1579 4126; x_wconf 84' lang='lat' dir='ltr'>and</span> <span class='ocrx_word' id='word_1_278' title='bbox 1610 4077 1653 4126; x_wconf 88' lang='lat' dir='ltr'>it</span> <span class='ocrx_word' id='word_1_279' title='bbox 1745 4081 1778 4105; x_wconf 88' lang='lat'><strong>“</strong></span> <span class='ocrx_word' id='word_1_280' title='bbox 1814 4090 1865 4126; x_wconf 81' lang='lat' dir='ltr'>et</span> <span class='ocrx_word' id='word_1_281' title='bbox 1888 4075 2139 4126; x_wconf 85' lang='lat' dir='ltr'>Ricardus</span> <span class='ocrx_word' id='word_1_282' title='bbox 2161 4091 2330 4126; x_wconf 84' lang='lat' dir='ltr'>comes</span> <span class='ocrx_word' id='word_1_283' title='bbox 2344 4074 2610 4137; x_wconf 78' lang='lat' dir='ltr'>Pictayiae,</span> <span class='ocrx_word' id='word_1_284' title='bbox 2632 4090 2749 4125; x_wconf 88' lang='lat' dir='ltr'>cum</span> 
     </span>
     <span class='ocr_line' id='line_1_45' title="bbox 648 4154 2749 4219; baseline 0 -15"><span class='ocrx_word' id='word_1_285' title='bbox 648 4169 811 4205; x_wconf 82' lang='lat' dir='ltr'>seems</span> <span class='ocrx_word' id='word_1_286' title='bbox 865 4155 1138 4207; x_wconf 81' lang='lat' dir='ltr'>consistent</span> <span class='ocrx_word' id='word_1_287' title='bbox 1186 4156 1310 4206; x_wconf 80' lang='lat' dir='ltr'>with</span> <span class='ocrx_word' id='word_1_288' title='bbox 1366 4155 1452 4205; x_wconf 84' lang='lat' dir='ltr'>the</span> <span class='ocrx_word' id='word_1_289' title='bbox 1506 4155 1653 4206; x_wconf 83' lang='lat' dir='ltr'>other</span> <span class='ocrx_word' id='word_1_290' title='bbox 1742 4161 1774 4184; x_wconf 89' lang='lat'><strong>“</strong></span> <span class='ocrx_word' id='word_1_291' title='bbox 1813 4154 2204 4219; x_wconf 80' lang='lat' dir='ltr'>archiepiscopis</span> <span class='ocrx_word' id='word_1_292' title='bbox 2226 4161 2278 4205; x_wconf 86' lang='lat' dir='ltr'>et</span> <span class='ocrx_word' id='word_1_293' title='bbox 2309 4154 2576 4219; x_wconf 81' lang='lat' dir='ltr'>episcopis,</span> <span class='ocrx_word' id='word_1_294' title='bbox 2593 4155 2749 4205; x_wconf 87' lang='lat' dir='ltr'>comi-</span> 
     </span>
     <span class='ocr_line' id='line_1_46' title="bbox 651 4233 2750 4300; baseline 0 -17"><span class='ocrx_word' id='word_1_295' title='bbox 651 4233 845 4295; x_wconf 52' lang='lat' dir='ltr'>detaila</span> <span class='ocrx_word' id='word_1_296' title='bbox 866 4234 1060 4300; x_wconf 85' lang='lat' dir='ltr'>Rigord</span> <span class='ocrx_word' id='word_1_297' title='bbox 1092 4234 1139 4284; x_wconf 83' lang='lat' dir='ltr'>is</span> <span class='ocrx_word' id='word_1_298' title='bbox 1168 4250 1199 4284; x_wconf 82' lang='lat' dir='ltr'>a</span> <span class='ocrx_word' id='word_1_299' title='bbox 1221 4235 1362 4286; x_wconf 78' lang='lat' dir='ltr'>week</span> <span class='ocrx_word' id='word_1_300' title='bbox 1384 4248 1564 4299; x_wconf 75' lang='lat' dir='ltr'>wrong</span> <span class='ocrx_word' id='word_1_301' title='bbox 1595 4234 1650 4284; x_wconf 91' lang='lat' dir='ltr'>in</span> <span class='ocrx_word' id='word_1_302' title='bbox 1743 4239 1774 4263; x_wconf 91' lang='lat'><strong>“</strong></span> <span class='ocrx_word' id='word_1_303' title='bbox 1810 4235 1948 4284; x_wconf 87' lang='lat' dir='ltr'>tibus</span> <span class='ocrx_word' id='word_1_304' title='bbox 1970 4242 2020 4284; x_wconf 82' lang='lat' dir='ltr'>et</span> <span class='ocrx_word' id='word_1_305' title='bbox 2038 4235 2325 4288; x_wconf 84' lang='lat' dir='ltr'>baronibus,</span> <span class='ocrx_word' id='word_1_306' title='bbox 2348 4234 2472 4296; x_wconf 64' lang='lat' dir='ltr'>suit,</span> <span class='ocrx_word' id='word_1_307' title='bbox 2498 4234 2637 4284; x_wconf 81' lang='lat' dir='ltr'>cirea</span> <span class='ocrx_word' id='word_1_308' title='bbox 2651 4234 2750 4285; x_wconf 87' lang='lat' dir='ltr'>fes-</span> 
     </span>
     <span class='ocr_line' id='line_1_47' title="bbox 648 4312 2746 4378; baseline 0 -17"><span class='ocrx_word' id='word_1_309' title='bbox 648 4312 733 4361; x_wconf 87' lang='lat' dir='ltr'>his</span> <span class='ocrx_word' id='word_1_310' title='bbox 779 4313 1137 4377; x_wconf 86' lang='lat' dir='ltr'>computation.</span> <span class='ocrx_word' id='word_1_311' title='bbox 1209 4314 1289 4363; x_wconf 89' lang='lat' dir='ltr'>He</span> <span class='ocrx_word' id='word_1_312' title='bbox 1342 4314 1510 4378; x_wconf 82' lang='lat' dir='ltr'>places</span> <span class='ocrx_word' id='word_1_313' title='bbox 1567 4312 1651 4363; x_wconf 87' lang='lat' dir='ltr'>the</span> <span class='ocrx_word' id='word_1_314' title='bbox 1741 4317 1771 4342; x_wconf 93' lang='lat'>“</span> <span class='ocrx_word' id='word_1_315' title='bbox 1809 4322 1918 4364; x_wconf 89' lang='lat' dir='ltr'>tum</span> <span class='ocrx_word' id='word_1_316' title='bbox 1940 4313 2284 4377; x_wconf 83' lang='lat' dir='ltr'>apostolorum</span> <span class='ocrx_word' id='word_1_317' title='bbox 2316 4312 2459 4364; x_wconf 87' lang='lat' dir='ltr'>Petri</span> <span class='ocrx_word' id='word_1_318' title='bbox 2495 4321 2545 4363; x_wconf 87' lang='lat' dir='ltr'>et</span> <span class='ocrx_word' id='word_1_319' title='bbox 2577 4313 2746 4373; x_wconf 84' lang='lat' dir='ltr'>Pauli,</span> 
     </span>
     <span class='ocr_line' id='line_1_48' title="bbox 647 4391 2748 4456; baseline 0.001 -16"><span class='ocrx_word' id='word_1_320' title='bbox 647 4391 837 4441; x_wconf 73' lang='lat' dir='ltr'>arrival</span> <span class='ocrx_word' id='word_1_321' title='bbox 860 4391 920 4441; x_wconf 84' lang='lat' dir='ltr'>of</span> <span class='ocrx_word' id='word_1_322' title='bbox 935 4391 1108 4456; x_wconf 83' lang='lat' dir='ltr'>Philip</span> <span class='ocrx_word' id='word_1_323' title='bbox 1133 4399 1184 4441; x_wconf 85' lang='lat' dir='ltr'>at</span> <span class='ocrx_word' id='word_1_324' title='bbox 1202 4393 1365 4443; x_wconf 85' lang='lat' dir='ltr'>Tours</span> <span class='ocrx_word' id='word_1_325' title='bbox 1388 4408 1452 4442; x_wconf 90' lang='lat' dir='ltr'>on</span> <span class='ocrx_word' id='word_1_326' title='bbox 1478 4392 1651 4443; x_wconf 81' lang='lat' dir='ltr'>Satur-</span> <span class='ocrx_word' id='word_1_327' title='bbox 1744 4397 1775 4422; x_wconf 89' lang='lat'><strong>“</strong></span> <span class='ocrx_word' id='word_1_328' title='bbox 1812 4394 1876 4442; x_wconf 80' lang='lat' dir='ltr'>ad</span> <span class='ocrx_word' id='word_1_329' title='bbox 1909 4393 2217 4456; x_wconf 89' lang='lat' dir='ltr'>colloquium</span> <span class='ocrx_word' id='word_1_330' title='bbox 2251 4391 2381 4443; x_wconf 81' lang='lat' dir='ltr'>inter</span> <span class='ocrx_word' id='word_1_331' title='bbox 2411 4392 2663 4442; x_wconf 70' lang='lat' dir='ltr'>Tui-onim</span> <span class='ocrx_word' id='word_1_332' title='bbox 2698 4402 2748 4443; x_wconf 88' lang='lat' dir='ltr'>et</span> 
     </span>
     <span class='ocr_line' id='line_1_49' title="bbox 645 4470 2749 4537; baseline 0 -16"><span class='ocrx_word' id='word_1_333' title='bbox 645 4472 766 4536; x_wconf 81' lang='lat' dir='ltr'>day,</span> <span class='ocrx_word' id='word_1_334' title='bbox 790 4470 928 4521; x_wconf 84' lang='lat' dir='ltr'>June</span> <span class='ocrx_word' id='word_1_335' title='bbox 950 4478 1030 4521; x_wconf 83' lang='lat'>23.</span> <span class='ocrx_word' id='word_1_336' title='bbox 1742 4476 1774 4501; x_wconf 79' lang='lat'>‘⁴</span> <span class='ocrx_word' id='word_1_337' title='bbox 1810 4472 1999 4532; x_wconf 77' lang='lat' dir='ltr'>Azai,”</span> <span class='ocrx_word' id='word_1_338' title='bbox 2024 4473 2139 4522; x_wconf 80' lang='lat'><strong>372.</strong></span> <span class='ocrx_word' id='word_1_339' title='bbox 2161 4473 2211 4521; x_wconf 92' lang='lat' dir='ltr'>b.</span> <span class='ocrx_word' id='word_1_340' title='bbox 2280 4471 2475 4536; x_wconf 83' lang='lat' dir='ltr'>Rigord</span> <span class='ocrx_word' id='word_1_341' title='bbox 2497 4471 2640 4537; x_wconf 81' lang='lat' dir='ltr'>gives</span> <span class='ocrx_word' id='word_1_342' title='bbox 2662 4472 2749 4522; x_wconf 84' lang='lat' dir='ltr'>the</span> 
     </span>
    </p>

    <p class='ocr_par' dir='ltr' id='par_1_25' title="bbox 715 4548 2755 4616">
     <span class='ocr_line' id='line_1_50' title="bbox 715 4548 2755 4616; baseline 0.001 -17"><span class='ocrx_word' id='word_1_343' title='bbox 715 4548 737 4581; x_wconf 83' lang='lat'>²</span> <span class='ocrx_word' id='word_1_344' title='bbox 769 4549 930 4616; x_wconf 80' lang='lat' dir='ltr'>Hugh</span> <span class='ocrx_word' id='word_1_345' title='bbox 953 4550 1073 4614; x_wconf 83' lang='lat' dir='ltr'>IIL,</span> <span class='ocrx_word' id='word_1_346' title='bbox 1100 4556 1412 4602; x_wconf 79' lang='lat'>1162-1192.</span> <span class='ocrx_word' id='word_1_347' title='bbox 1743 4560 1894 4602; x_wconf 85' lang='lat' dir='ltr'>exact</span> <span class='ocrx_word' id='word_1_348' title='bbox 1914 4553 2029 4602; x_wconf 84' lang='lat' dir='ltr'>date</span> <span class='ocrx_word' id='word_1_349' title='bbox 2051 4550 2089 4601; x_wconf 84' lang='lat' dir='ltr'><strong>J</strong></span> <span class='ocrx_word' id='word_1_350' title='bbox 2093 4550 2179 4616; x_wconf 81' lang='lat' dir='ltr'>uly</span> <span class='ocrx_word' id='word_1_351' title='bbox 2203 4556 2250 4611; x_wconf 81' lang='lat'>4,</span> <span class='ocrx_word' id='word_1_352' title='bbox 2274 4552 2375 4601; x_wconf 84' lang='lat' dir='ltr'>and</span> <span class='ocrx_word' id='word_1_353' title='bbox 2408 4550 2495 4601; x_wconf 84' lang='lat' dir='ltr'>the</span> <span class='ocrx_word' id='word_1_354' title='bbox 2528 4551 2671 4616; x_wconf 84' lang='lat' dir='ltr'>place</span> <span class='ocrx_word' id='word_1_355' title='bbox 2695 4551 2755 4601; x_wconf 87' lang='lat' dir='ltr'>of</span> 
     </span>
    </p>

    <p class='ocr_par' dir='ltr' id='par_1_26' title="bbox 643 4627 2748 4853">
     <span class='ocr_line' id='line_1_51' title="bbox 713 4627 2748 4696; baseline 0.001 -18"><span class='ocrx_word' id='word_1_356' title='bbox 713 4627 736 4659; x_wconf 80' lang='lat'>³</span> <span class='ocrx_word' id='word_1_357' title='bbox 770 4628 1018 4680; x_wconf 80' lang='lat' dir='ltr'>Hoveden</span> <span class='ocrx_word' id='word_1_358' title='bbox 1057 4630 1281 4694; x_wconf 81' lang='lat' dir='ltr'>prefaces</span> <span class='ocrx_word' id='word_1_359' title='bbox 1319 4630 1403 4681; x_wconf 80' lang='lat' dir='ltr'>his</span> <span class='ocrx_word' id='word_1_360' title='bbox 1437 4646 1569 4696; x_wconf 84' lang='lat' dir='ltr'>copy</span> <span class='ocrx_word' id='word_1_361' title='bbox 1602 4631 1660 4680; x_wconf 89' lang='lat' dir='ltr'>of</span> <span class='ocrx_word' id='word_1_362' title='bbox 1742 4632 1966 4696; x_wconf 83' lang='lat' dir='ltr'>meeting</span> <span class='ocrx_word' id='word_1_363' title='bbox 2003 4630 2362 4691; x_wconf 84' lang='lat' dir='ltr'>Colombieres,</span> <span class='ocrx_word' id='word_1_364' title='bbox 2393 4645 2518 4680; x_wconf 84' lang='lat' dir='ltr'>near</span> <span class='ocrx_word' id='word_1_365' title='bbox 2546 4630 2748 4681; x_wconf 84' lang='lat' dir='ltr'>Villan-</span> 
     </span>
     <span class='ocr_line' id='line_1_52' title="bbox 645 4708 2748 4776; baseline 0.002 -18"><span class='ocrx_word' id='word_1_366' title='bbox 645 4708 749 4758; x_wconf 78' lang='lat' dir='ltr'>this</span> <span class='ocrx_word' id='word_1_367' title='bbox 788 4708 1075 4759; x_wconf 80' lang='lat' dir='ltr'>settlement</span> <span class='ocrx_word' id='word_1_368' title='bbox 1106 4710 1230 4759; x_wconf 82' lang='lat' dir='ltr'>with</span> <span class='ocrx_word' id='word_1_369' title='bbox 1263 4710 1349 4759; x_wconf 82' lang='lat' dir='ltr'>the</span> <span class='ocrx_word' id='word_1_370' title='bbox 1387 4710 1654 4774; x_wconf 79' lang='lat' dir='ltr'>following</span> <span class='ocrx_word' id='word_1_371' title='bbox 1743 4711 1840 4772; x_wconf 84' lang='lat' dir='ltr'>dri,</span> <span class='ocrx_word' id='word_1_372' title='bbox 1864 4727 1931 4760; x_wconf 91' lang='lat' dir='ltr'>on</span> <span class='ocrx_word' id='word_1_373' title='bbox 1956 4711 2040 4761; x_wconf 83' lang='lat' dir='ltr'>the</span> <span class='ocrx_word' id='word_1_374' title='bbox 2064 4709 2214 4760; x_wconf 87' lang='lat' dir='ltr'>Cher.</span> <span class='ocrx_word' id='word_1_375' title='bbox 2288 4711 2350 4760; x_wconf 83' lang='lat' dir='ltr'>R.</span> <span class='ocrx_word' id='word_1_376' title='bbox 2375 4710 2559 4760; x_wconf 88' lang='lat' dir='ltr'>Diceto</span> <span class='ocrx_word' id='word_1_377' title='bbox 2581 4711 2748 4776; x_wconf 78' lang='lat' dir='ltr'>places</span> 
     </span>
     <span class='ocr_line' id='line_1_53' title="bbox 643 4787 2590 4853; baseline 0.003 -18"><span class='ocrx_word' id='word_1_378' title='bbox 643 4789 815 4836; x_wconf 74' lang='lat' dir='ltr'>words</span> <span class='ocrx_word' id='word_1_379' title='bbox 837 4807 849 4835; x_wconf 89' lang='lat'>:</span> <span class='ocrx_word' id='word_1_380' title='bbox 894 4793 924 4815; x_wconf 88' lang='grc'><em>“</em></span> <span class='ocrx_word' id='word_1_381' title='bbox 941 4788 1301 4838; x_wconf 81' lang='lat' dir='ltr'>Convenerunt</span> <span class='ocrx_word' id='word_1_382' title='bbox 1338 4787 1494 4853; x_wconf 82' lang='lat' dir='ltr'>igitur</span> <span class='ocrx_word' id='word_1_383' title='bbox 1525 4804 1653 4853; x_wconf 83' lang='lat' dir='ltr'>prae-</span> <span class='ocrx_word' id='word_1_384' title='bbox 1744 4793 1784 4841; x_wconf 88' lang='lat' dir='ltr'>it</span> <span class='ocrx_word' id='word_1_385' title='bbox 1808 4807 1873 4840; x_wconf 87' lang='lat' dir='ltr'>on</span> <span class='ocrx_word' id='word_1_386' title='bbox 1900 4791 1984 4840; x_wconf 84' lang='lat' dir='ltr'>the</span> <span class='ocrx_word' id='word_1_387' title='bbox 2009 4788 2130 4840; x_wconf 63' lang='lat' dir='ltr'>:isch</span> <span class='ocrx_word' id='word_1_388' title='bbox 2155 4789 2213 4839; x_wconf 84' lang='lat' dir='ltr'>of</span> <span class='ocrx_word' id='word_1_389' title='bbox 2228 4790 2382 4852; x_wconf 82' lang='lat' dir='ltr'>June,</span> <span class='ocrx_word' id='word_1_390' title='bbox 2405 4805 2452 4840; x_wconf 84' lang='lat' dir='ltr'>c.</span> <span class='ocrx_word' id='word_1_391' title='bbox 2478 4796 2590 4841; x_wconf 83' lang='lat'><strong>645.</strong></span> 
     </span>
    </p>
   </div>
   <div class='ocr_carea' id='block_1_24' title="bbox 569 4866 1649 4941">
    <p class='ocr_par' dir='ltr' id='par_1_27' title="bbox 569 4866 1649 4941">
     <span class='ocr_line' id='line_1_54' title="bbox 569 4866 1649 4941; baseline 0.007 -30"><span class='ocrx_word' id='word_1_392' title='bbox 569 4938 574 4941; x_wconf 15' lang='grc' dir='ltr'><strong><em>ο</em></strong></span> <span class='ocrx_word' id='word_1_393' title='bbox 643 4869 676 4896; x_wconf 84' lang='grc'><strong>“</strong></span> <span class='ocrx_word' id='word_1_394' title='bbox 715 4866 840 4917; x_wconf 85' lang='lat' dir='ltr'>dicti</span> <span class='ocrx_word' id='word_1_395' title='bbox 860 4883 952 4918; x_wconf 82' lang='lat' dir='ltr'>rex</span> <span class='ocrx_word' id='word_1_396' title='bbox 977 4867 1223 4927; x_wconf 79' lang='lat' dir='ltr'>Franciae,</span> <span class='ocrx_word' id='word_1_397' title='bbox 1242 4875 1292 4918; x_wconf 83' lang='lat' dir='ltr'>ct</span> <span class='ocrx_word' id='word_1_398' title='bbox 1313 4884 1405 4918; x_wconf 85' lang='lat' dir='ltr'>rex</span> <span class='ocrx_word' id='word_1_399' title='bbox 1425 4868 1649 4932; x_wconf 80' lang='lat' dir='ltr'>Angliae‚</span> 
     </span>
    </p>
   </div>
  </div>
 </body>
</html>
