3585 5863
886 866 973 930 86
1703 872 1920 923 casu
1963 872 2167 922 arms

585 1059 698 1102 Δ-Β·
713 1061 828 1103 1¹8⁹·
898 1050 1160 1117 Sanctoe
1207 1048 1441 1114 Mariae
1487 1045 1779 1112 Ecclesia
1823 1044 2248 1132 praebendam
2292 1064 2443 1130 quse
2502 1044 2635 1108 fuit
2705 1042 3002 1108 Huberti
3026 1051 3267 1103 Hovedm.

607 1106 735 1161 sept.
749 1108 816 1153 18.
1151 1150 1165 1165 ·
1219 1151 1233 1166 ⁶
1537 1150 1550 1163 ·
2021 1146 2035 1161 ·
3022 1104 3117 1147 375.
3135 1103 3181 1147 b·
3201 1111 3240 1150 a

889 1151 1172 1217 walnen
1213 1172 1288 1214 m
1331 1149 1598 1216 ecclesia
1641 1148 2056 1213 Eboracensl.

553 1258 833 1363 ξξέξζξξῇορ
986 1253 1285 1339 Cumque
1375 1251 1796 1315 Baldewinus
1888 1248 2385 1315 Cantuariensis
2478 1247 3001 1333 archiepiscopus
3022 1259 3263 1361 ggvfflffi

557 1363 855 1463 ffissffi‘ffl
891 1356 1170 1421 vidisset
1243 1354 1586 1420 dominum
1663 1372 1883 1439 regem
1945 1352 2203 1417 dedisse
2250 1350 2572 1417 Gaufrido
2615 1349 2812 1415 fratri
2883 1370 3000 1414 suo
3023 1363 3223 1406 short&-

556 1462 851 1557 ἓξὲξ-Οἵ
895 1459 1527 1545 archiepiscopatum
1575 1455 2075 1534 Eboracensem,
2141 1453 2372 1519 statim
2436 1451 2721 1540 protulit
2784 1474 3002 1517 coram

555 1564 661 1667 ἓξὲξ
678 1563 810 1607 00⁰¹·
893 1584 1046 1648 rege
1092 1565 1161 1625 et
1203 1560 1501 1648 praefatis
1545 1555 2044 1643 archiepiscopis
2088 1562 2159 1621 et
2203 1555 2520 1642 episcopis
2548 1560 2802 1620 cartam
2829 1554 3004 1639 regis

601 1643 755 1720 roim
770 1684 834 1721 vo.
900 1662 1218 1730 willelmi
1265 1658 1620 1726 Bastardv
1671 1659 1787 1745 qui
1831 1658 2146 1745 Angliam
2208 1657 2517 1723 bellando
2583 1656 2712 1722 sibi
2776 1656 3003 1740 subju-

897 1771 1190 1855 gaverat,
1257 1765 1328 1847 in
1398 1782 1530 1848 qua
1595 1761 2067 1826 continebatur
2133 1760 2583 1825 controversia
2627 1780 2778 1845 quse
2844 1758 3005 1824 olim

895 1868 1284 1934 vertebatur
1327 1867 1504 1931 inter
1549 1863 2029 1929 Eboracensem
2074 1862 2410 1928 ecclesiam
2455 1866 2525 1926 et
2574 1861 3006 1927 Cantuarien-

897 1992 1036 2037 sem
1082 1990 1278 2055 super
1329 1967 1641 2056 primatia
1685 1964 1951 2051 Angliae
1997 1970 2066 2030 et
2131 1963 2528 2051 quibusdam
2578 1964 2736 2053 „aliis
2795 1964 3012 2050 digni·

896 2073 1170 2152 tatibus,
1216 2092 1378 2156 quas
1442 2069 1650 2134 altera
1716 2068 2029 2132 adversus
2097 2067 2374 2131 alteram
2439 2066 2728 2152 petebat,
2787 2071 2857 2131 et
2923 2066 3011 2131 ad

897 2194 1093 2261 quem
1161 2175 1363 2238 finem
1430 2164 1881 2237 conti-oseneia
1942 2167 2263 2255 praedicta
2327 2168 2644 2254 pervenit.
2770 2167 3012 2252 Itaque

895 2279 971 2342 in
1017 2282 1200 2342 carta
1244 2275 1361 2339 illa
1405 2274 1577 2359 regis
1622 2271 1945 2338 willelmi
1991 2269 2473 2347 continebatur,
2520 2270 2697 2355 quod
2726 2269 3014 2335 Thomas

895 2386 1060 2447 tuno
1089 2378 1408 2466 temporis
1441 2375 1871 2441 Eboracensis
1900 2373 2439 2460 archiepiscopus,
2474 2372 2775 2438 ordinem
2804 2393 3012 2438 sacer-

901 2482 1191 2549 dotalem
1269 2484 1338 2545 et
1416 2476 1857 2565 episcopalem
1932 2475 2485 2541 consecrationem
2569 2473 2854 2561 suscepit
2930 2474 3014 2540 de

898 2607 1104 2651 manu
1150 2582 1546 2658 Lamfranci,
1579 2586 1741 2646 tunc
1785 2578 2101 2665 temporis
2153 2576 2654 2644 Cantuariensis
2697 2577 3016 2664 archiepi-

902 2687 1082 2774 scopi
1143 2690 1213 2750 et
1279 2684 1490 2751 totius
1535 2682 1805 2769 Angliae
1869 2681 2209 2767 primatis;
2272 2686 2342 2745 et
2416 2679 2480 2745 ei
2544 2679 3015 2767 professionem

903 2790 1221 2875 scriptam
1267 2786 1442 2864 fecit,
1490 2789 1561 2850 et
1605 2785 1692 2850 ad
1751 2783 2029 2849 concilia
2086 2798 2223 2862 sua,
2272 2803 2421 2847 cum
2466 2782 3015 2848 Lindisfarnensis

899 2890 1183 2956 ecclesiae
1229 2888 1530 2973 episcopo
1576 2889 1645 2951 et
1705 2887 1958 2952 caeteris
2017 2885 2449 2973 suffraganeis
2492 2884 2648 2963 suis,
2692 2886 2896 2963 venit,
2942 2891 3013 2951 et

900 2993 963 3056 ei
995 3007 1258 3056 omnem
1289 2988 1729 3054 reverentiam
1758 2989 1933 3053 sicut
1962 2988 2233 3074 primati
2271 3010 2391 3054 suo
2434 2987 2756 3055 exhibuit.
2846 2987 3013 3055 Haec

904 3097 1128 3159 autem
1178 3090 1402 3157 omnia
1448 3091 1627 3155 facta
1655 3090 1856 3154 fuisse
1901 3111 2121 3155 coram
2164 3107 2318 3177 rege
2347 3090 2681 3157 Willelmo
2712 3092 2786 3156 in
2814 3113 3010 3179 gene-

907 3194 1033 3260 rali
1097 3191 1371 3258 concilio
1420 3191 1601 3278 apud
1646 3191 2047 3270 Lundonias,
2094 3192 2467 3259 testabatur
2510 3199 2694 3259 carta
2736 3193 2854 3258 illa
2896 3216 3015 3280 per

910 3293 1338 3362 diffinitivam
1368 3294 1792 3375 sententiam,
1821 3293 1906 3359 ab
1936 3293 2318 3361 Alexandro
2348 3315 2521 3383 papa
2549 3297 2835 3363 secundo
2866 3318 3012 3383 pro-

900 3399 1124 3476 latam,
1162 3397 1236 3462 in
1265 3397 1621 3484 praesentia
1667 3397 1732 3460 Ν
1738 3393 1781 3463 ,9
1827 3397 2051 3483 legati,
2100 3398 2217 3482 qui
2252 3419 2293 3462 a
2341 3398 2615 3484 praefato
2643 3421 2816 3487 papa
2858 3398 3015 3464 mis-

906 3521 1016 3566 sus
1048 3506 1192 3565 erat
1236 3500 1323 3565 ad
1367 3502 1556 3566 litem
1600 3499 1784 3565 iilam
1816 3499 1992 3565 inter
2020 3499 2372 3586 praedictos
2402 3501 2915 3588 archiepiscopos
2942 3507 3015 3567 et

904 3625 1132 3669 eorum
1162 3623 1559 3668 successores
1598 3602 2052 3667 dirimendam.
2131 3602 2552 3668 Auctoritate
2580 3604 2789 3690 igitur
2816 3604 3016 3691 hujus

900 3713 1115 3784 cartae,
1143 3705 1569 3771 Baldewinus
1594 3702 2094 3770 Cantuariensis
2125 3704 2642 3792 archiepiscopus
2670 3706 3015 3793 prohibuit

899 3830 1016 3896 per
1061 3807 1438 3873 Gilbertum
1483 3807 1837 3871 Rofensem
1883 3806 2276 3893 episcopum,
2326 3814 2396 3872 et
2456 3809 2811 3896 Hugonem
2858 3809 3014 3876 Ces·

896 3918 1186 3976 trensem
1230 3910 1626 3996 episcopum,
1674 3907 1998 3973 Gaufrido
2044 3908 2441 3975 Eboracensi
2485 3912 2706 3990 electe,
2740 3934 2825 3976 ne
2868 3912 3009 3998 ipse

898 4013 982 4078 ab
1029 4011 1251 4098 aliquo
1298 4010 1428 4076 alio
1474 4027 1674 4095 quam
1735 4010 1822 4075 ab
1866 4010 1985 4075 illo
2031 4009 2328 4078 ordinem
2377 4013 2849 4080 sacerdotalem
2893 4016 3008 4079 vel

896 4114 1331 4202 episcopalem
1397 4111 1758 4198 susciperet
1826 4113 2397 4182 consecrationem.
2508 4111 2601 4180 Et
2662 4113 3007 4203 prohibuit

900 4213 1177 4302 Hugoni
1239 4214 1671 4279 Dunelmensi
1730 4213 2050 4301 episcop0‚
2107 4220 2176 4280 et
2235 4217 2282 4282 J
2286 4216 2531 4283 ohanni
2601 4218 3009 4287 Divilinensi

899 4317 1400 4404 archiepiscope,
1462 4323 1531 4383 et
1577 4316 1872 4382 Formali
1920 4316 2313 4385 Treverensi
2373 4320 2872 4409 archiepiscopo,
2921 4346 3008 4391 ne

3106 2040 3209 2083 ⁸¹5¹».

1021 4497 1312 4504 --—.--—.-
1353 4498 1418 4502 --
1447 4497 1558 4503 -.-Α
2170 4501 2179 4506 ,-

962 4612 980 4648 ¹
1016 4613 1146 4665 This
1184 4615 1453 4665 document
1487 4629 1608 4681 may
1646 4615 1711 4666 be
1745 4614 1903 4667 found
2059 4616 2081 4649 ²
2104 4617 2207 4684 N.]
2244 4619 2458 4680 Hubert,
2480 4621 2658 4673 render
2679 4619 2740 4674 of
2752 4623 2837 4674 the
2859 4621 3005 4692 Holy

898 4698 954 4746 at
990 4692 1168 4759 length
1205 4693 1262 4742 in
1295 4693 1526 4744 William
1564 4693 1626 4744 of
1661 4695 1900 4746 Malmes·
1996 4696 2195 4748 Roman
2221 4695 2441 4750 Church.
2510 4699 2596 4752 W.
2632 4699 2885 4764 Malmsb„
2919 4706 3002 4755 ed.

897 4771 1048 4836 bury,
1088 4770 1245 4822 Gesta
1277 4770 1481 4838 Royan,
1509 4771 1584 4824 ιιι.
1607 4772 1676 4824 fo.
1703 4779 1784 4836 65,
1819 4777 1896 4825 ed.
1994 4775 2181 4839 Savile,
2205 4783 2284 4828 66.

896 4841 1088 4911 Savile,
1114 4851 1215 4902 and
1235 4849 1290 4901 in
1309 4865 1467 4917 many
1489 4853 1633 4905 other
1654 4854 1840 4919 places.
