3585 5863
825 912 911 973 88
1646 914 1860 967 orsu
1906 916 2110 966 REGIS

526 1118 636 1163 Aa).
655 1120 768 1162 uso.
824 1114 944 1181 pro
974 1117 1051 1162 eo
1082 1095 1259 1182 quod
1289 1095 1427 1181 ipse
1461 1093 1749 1180 [pacem]
1782 1112 1971 1156 suam
2018 1090 2310 1178 fregerat
2338 1095 2411 1156 et
2437 1092 2774 1157 mandatis
2803 1092 2940 1156 suis

494 1169 791 1280 ,γεξζζθέξζ
827 1197 1094 1263 obedire
1135 1196 1424 1262 nolebat.
1518 1194 1763 1261 Caeteri
1809 1215 1965 1259 vero
2010 1215 2195 1280 reges
2241 1194 2607 1260 Wallorum
2653 1193 2742 1258 ad
2788 1215 2936 1258 eum

492 1286 748 1389 ἱξᾚὲξξὴ
827 1303 1159 1366 venerunt
1221 1297 1398 1385 apud
1470 1297 1888 1376 wirecestre,
1936 1301 2008 1362 et
2074 1294 2296 1363 foedus
2372 1296 2556 1383 pacis
2632 1318 2784 1361 cum
2860 1317 2939 1362 eo

493 1388 766 1431 wmfflm·
827 1403 1140 1468 inierunt.

497 1526 706 1577 (πωπω),
723 1524 763 1567 is
919 1505 1202 1570 Interim
1250 1500 1608 1567 Gaufridus
1652 1500 2085 1566 Eboracensis
2129 1501 2375 1567 electus
2416 1500 2607 1567 venit
2667 1500 2756 1566 ad
2816 1500 2942 1566 Su-

493 1576 766 1727 ΞΞΞΞΞΞΠ.
829 1606 1016 1672 welle
1061 1605 1288 1670 villam
1335 1625 1570 1683 suam;
1638 1607 1708 1668 et
1769 1602 1865 1667 ibi
1925 1624 2149 1670 mense
2202 1602 2600 1690 Septembri,
2648 1603 2942 1669 Sabbato

497 1729 774 1830 gggthzgnzry
831 1717 1118 1800 quatuor
1183 1715 1578 1796 temporum,
1658 1709 1950 1796 suscepit
2015 1708 2313 1775 ordinem
2366 1710 2836 1776 sacerdotalem
2903 1734 2944 1775 a

499 1827 734 1877 Mat-shall.
832 1815 878 1881 J
882 1815 1139 1879 ohanne
1185 1813 1489 1900 episcopo
1538 1811 1859 1878 Candidae
1908 1810 2113 1892 Casae,
2143 1812 2558 1899 suffraganeo
2603 1834 2738 1879 suo,
2852 1812 2944 1877 Et

499 1879 769 1972 “nmm-
837 1916 1169 1981 Hem-icus
1213 1915 1421 1979 stater
1464 1913 1787 1979 willelmi
1836 1913 2226 1991 Mammam,
2270 1915 2380 1979 oui
2440 1914 2766 1980 Ricardus
2824 1935 2943 1979 rex

500 1979 715 2031 Lindsey.
1684 2016 1698 2030 .
2011 2016 2025 2030 .
2630 2016 2645 2031 .

541 2046 600 2087 ro.
618 2046 771 2086 14:310.
837 2018 1233 2083 decanatum
1302 2016 1737 2081 Eboracensls
1803 2015 2089 2081 ecclesus
2159 2015 2448 2094 dederat,
2492 2022 2684 2082 vemt
2741 2037 2947 2101 usque

838 2121 1210 2185 Burtonam
1255 2118 1328 2182 in
1377 2117 1747 2194 Lindeseia,
1795 2122 1865 2181 et
1923 2117 2023 2181 ibi
2082 2118 2373 2204 suscepit
2440 2118 2731 2184 ordinem
2797 2119 2949 2183 sub·

837 2221 1100 2288 diaconi
1131 2226 1201 2286 et
1231 2220 1493 2286 diaconi
1522 2220 1594 2283 in
1627 2240 1764 2284 una
1807 2218 1914 2283 die
1959 2240 2002 2283 a
2033 2217 2371 2285 Concorde
2402 2219 2791 2306 Egdunensi
2822 2220 2956 2306 epi-

834 2344 1044 2408 scopo,
1122 2321 1214 2386 Et
1244 2342 1395 2386 cum
1433 2321 1571 2407 ipse
1613 2319 1700 2385 ad
1747 2319 2232 2386 Eboracensem
2281 2321 2616 2387 ecclesiam
2648 2321 2953 2399 venisset,

837 2447 975 2490 non
1004 2423 1267 2490 invenit
1298 2422 1414 2509 qui
1437 2444 1587 2487 eum
1611 2422 1685 2487 in
1716 2423 1987 2488 stallum
2018 2444 2212 2488 suum
2240 2423 2557 2488 mitteret.
2626 2423 2956 2488 Dicebant

839 2527 1019 2593 enim
1095 2525 1311 2592 clerici
1357 2526 1647 2591 ecclesiae
1691 2524 1874 2590 illius
1918 2525 2100 2609 quod
2158 2525 2386 2591 nullus
2444 2530 2688 2612 praeter
2746 2525 2956 2591 archi-

504 2642 767 2693 nmmum
840 2630 1215 2715 episcopum
1263 2628 1496 2694 debuit
1541 2628 1811 2694 mittere
1856 2648 2008 2693 eum
2054 2628 2128 2691 in
2173 2628 2441 2693 stallum
2488 2628 2729 2695 decani.
2824 2627 2955 2694 Sed

506 2695 754 2793 ῗῗτῗῗῧιὲἷ
770 2692 823 2735 ⁰r
843 2731 1065 2797 Hamo
1110 2736 1480 2817 praecentor
1526 2729 1821 2814 ejusdem
1865 2724 2148 2795 ecclesiae
2194 2730 2378 2795 misit
2407 2751 2554 2795 eum
2591 2731 2659 2794 in
2690 2729 2955 2795 stallum

504 2795 823 2939 ffiffiffv
843 2833 1216 2920 praebendae
1262 2853 1461 2916 quam
1507 2832 1823 2917 praefatus
1866 2853 1987 2896 rex
2032 2832 2094 2895 ei
2138 2831 2425 2897 dederat.
2520 2831 2691 2897 Cum
2734 2837 2957 2897 autem

741 2924 753 2937 ”
845 2933 1221 3001 Buccardus
1287 2933 1369 2997 de
1432 2931 1717 2998 Puteaco
1780 2933 2277 2999 archidiaconus
2331 2935 2807 3012 DunelmensiS‚
2853 2933 2960 2999 cui

842 3056 963 3100 rex
988 3033 1470 3099 thesaurariam
1497 3033 1928 3099 Eboracensis
1960 3035 2245 3100 ecclesiae
2276 3036 2565 3118 dederat,
2592 3036 2959 3102 Eboracum

844 3135 1146 3203 venisset
1193 3156 1340 3200 cum
1389 3135 1639 3200 litteris
1684 3135 1875 3220 regis,
1911 3135 2209 3202 Hamoni
2243 3137 2631 3224 praecento‘ri
2676 3139 2957 3216 directis·‚

848 3243 927 3303 ut
974 3236 1372 3323 praedictum
1421 3236 1832 3302 Buccardum
1877 3238 1952 3302 in
2010 3238 2279 3306 stallum
2337 3241 2682 3321 mitteret3
2745 3241 2961 3306 noluit

849 3338 1186 3404 mandatis
1249 3339 1423 3424 regis
1485 3337 1765 3405 obedire.
1862 3338 2144 3406 Dicebat
2204 3342 2381 3406 enim
2426 3342 2601 3428 quod
2664 3342 2962 3430 Rogerus

858 3440 1292 3505 Eboracensis
1336 3439 1866 3527 archiepiscopus
1908 3441 2037 3529 ipsi
2066 3443 2454 3529 praedictam
2483 3444 2959 3510 thesaurariam

849 3543 1125 3609 dederat
1151 3567 1167 3622 ;
1213 3546 1282 3608 et
1314 3543 1493 3627 quod
1522 3565 1642 3609 rex
1675 3542 2010 3610 Henricus
2037 3543 2221 3610 illam
2267 3545 2397 3632 ipsi
2425 3547 2963 3628 confirmaverat;

848 3650 920 3711 et
986 3666 1182 3732 super
1247 3645 1370 3711 hoc
1431 3645 1519 3710 ad
1582 3645 1803 3711 sedem
1873 3646 2297 3733 apostolicam
2372 3648 2750 3735 appellavit.
2869 3649 2959 3716 Et

850 3754 1130 3832 uterque
1175 3747 1524 3813 fraudatus
1567 3769 1608 3811 a
1653 3747 1978 3814 desiderio
2023 3769 2140 3814 suo
2185 3750 2468 3816 recessit.

1208 4027 1308 4092 De
1359 4033 1567 4093 ‘nwrte
1619 4028 2060 4114 imperatoods
2110 4030 2603 4101 Romamorum.

513 4213 625 4317 312
625 4225 753 4308 3133
754 4262 828 4306 de-
946 4199 1229 4264 Interim
1263 4198 1646 4266 Fredericus
1679 4200 2129 4268 Romanorum
2175 4204 2532 4293 imperator
2560 4207 2753 4273 venit
2791 4210 2963 4276 Con-

512 4276 804 4408 ἷῖοἷὸοειέἑ-ιζῗ
848 4300 1351 4387 stantinopolim
1396 4322 1545 4366 cum
1591 4304 1884 4369 exercitu
1929 4326 2065 4383 suc,
2114 4311 2184 4372 et
2228 4307 2313 4372 ab
2356 4308 2751 4396 imperatore
2784 4309 2957 4378 Con-

515 4415 705 4466 tlnople.
846 4403 1438 4489 stantinopolitano
1481 4425 1629 4469 cum
1674 4405 1901 4471 debito
1944 4406 2188 4473 honore
2220 4414 2289 4474 et
2318 4413 2689 4477 reverentia
2717 4433 2955 4500 magna

847 4508 1202 4591 susceptus,
1235 4505 1421 4570 dedit
1450 4510 1518 4570 et
1558 4509 1808 4594 accepit
1852 4510 2240 4577 securitates
2285 4512 2366 4578 de
2411 4535 2569 4600 pace
2614 4516 2952 4583 servanda.

847 4606 940 4672 Et
984 4607 1158 4673 facta
1202 4608 1298 4672 ibi
1344 4630 1528 4673 mora
1573 4631 1689 4695 per
1733 4610 1991 4697 aliquot
2034 4613 2174 4680 dies
2204 4615 2515 4701 praevidit
2543 4616 2671 4682 sibi
2699 4640 2777 4682 ea
2805 4641 2955 4704 quae

511 4710 815 4804 ggoffifghoe
846 4714 1065 4774 essent
1105 4710 1470 4777 necessaria
1509 4710 1637 4776 sibi
1669 4717 1740 4778 et
1767 4713 1905 4778 suis
1935 4714 2007 4780 in
2037 4717 2163 4782 via.
2287 4717 2379 4782 Et
2412 4718 2568 4785 inde
2599 4721 2956 4808 procedens

513 4812 804 4915 ffiffrlm),
847 4831 999 4878 cum
1044 4813 1337 4879 exercitu
1386 4834 1524 4895 suo,
1569 4815 1764 4880 venit
1823 4817 1895 4881 in
1955 4821 2195 4883 terram
2246 4820 2510 4886 Soltani
2553 4822 2637 4889 de
2682 4821 2959 4902 Yconi0‚

2965 1512 3208 1609 ἒῗῗέε
