3585 5863
993 915 1120 978 196
1813 921 2026 970 cusu
2072 921 2270 971 REGIS

695 1121 806 1166 Λα).
822 1126 939 1168 1191.
994 1098 1305 1164 defuncta
1370 1096 1559 1161 miles
1602 1096 1873 1162 accessit
1938 1101 2007 1163 et
2072 1095 2428 1162 concubuit
2490 1116 2640 1160 cum
2706 1116 2784 1159 ea
2851 1094 3083 1171 dicens,
3105 1102 3309 1152 11on

663 1185 929 1289 ξ’,ῗξξᾟςῗχ
996 1210 1032 1237 “
1053 1201 1246 1281 Quod
1290 1222 1438 1265 cum
1483 1200 1642 1265 viva
1684 1199 1894 1264 facere
1940 1218 2074 1263 non
2118 1198 2325 1285 potui,
2371 1220 2520 1262 cum
2564 1203 2827 1263 mortua
2870 1196 3030 1261 feci:

666 1287 853 1333 sm
997 1305 1103 1368 cui
1166 1302 1284 1367 illa
1305 1300 1323 1337 ¹
1393 1301 1635 1367 dicitur
1695 1301 2126 1388 respondisse,
2191 1308 2227 1335 “
2245 1299 2425 1378 Ecce,
2493 1299 2783 1386 genuisti
2847 1299 2919 1363 in
2987 1319 3087 1362 me

998 1414 1032 1443 “
1076 1406 1306 1483 filium,
1340 1408 1408 1469 et
1451 1426 1601 1470 cum
1632 1408 1893 1490 tempus
1937 1403 2240 1490 pariendi
2269 1402 2614 1469 advenerit
2657 1424 2778 1488 ego
2823 1403 3086 1466 afferam

1001 1514 1040 1543 “
1084 1507 1212 1573 tibi
1277 1506 1493 1571 filium
1555 1504 1806 1573 tuum.''
1916 1505 2008 1569 Et
2082 1515 2235 1592 post
2301 1525 2540 1570 novem
2603 1525 2878 1583 mense8,
2944 1525 3087 1569 cum

998 1614 1262 1696 tempus
1291 1608 1594 1697 pariendi
1637 1608 1938 1685 instaret,
1968 1607 2226 1695 peperit
2270 1606 2483 1671 filium
2528 1606 2642 1672 sed
2672 1607 3087 1684 abortivum3

1004 1734 1198 1799 quem
1243 1716 1517 1798 portans
1561 1710 1650 1774 ad
1693 1710 1991 1787 militem,
2038 1709 2154 1788 ait,
2198 1715 2235 1745 “
2256 1709 2421 1775 Ecce
2462 1708 2639 1774 filius
2683 1713 2857 1786 tuus,
2901 1729 3089 1793 quem

1006 1822 1043 1850 “
1087 1814 1420 1901 genuisti:
1468 1811 1729 1877 abscide
1774 1816 1976 1898 caput
2005 1810 2145 1895 ejus
2189 1816 2259 1876 et
2303 1832 2566 1876 reserva
2593 1811 2758 1890 tibi3
2805 1810 3093 1895 quando-

1007 1923 1041 1951 “
1086 1936 1341 2001 cunque
1404 1916 1580 1980 enim
1648 1913 1937 1978 volueris
2000 1912 2341 1978 inimicum
2407 1917 2601 1977 tuum
2665 1912 2929 1977 vincere
2990 1913 3094 1977 vel

1009 2024 1043 2053 “
1090 2023 1332 2082 terram
1395 2017 1451 2103 ej
1459 2038 1537 2081 us
1604 2016 1961 2096 destruere,
1990 2015 2252 2080 'vultus
2312 2014 2547 2100 capitis
2610 2015 2846 2081 abscisi
2895 2015 3095 2080 disco-

1010 2127 1051 2156 “
1095 2119 1442 2206 operiatur,
1490 2124 1559 2184 et
1626 2123 2050 2184 convertetur
2093 2139 2322 2182 versus
2387 2117 2729 2182 inimicum
2791 2123 2989 2182 tuum
3033 2125 3099 2181 et

1012 2229 1046 2256 “
1090 2227 1335 2285 terram
1381 2219 1561 2305 ejus;
1630 2224 1699 2286 et
1761 2220 1991 2285 statim
2061 2220 2200 2306 ipse
2246 2224 2314 2284 et
2344 2224 2521 2283 terra
2586 2218 2728 2305 ejus
2772 2219 3099 2305 peribunt.

1010 2328 1046 2358 ‘⁶
1092 2322 1184 2388 Et
1230 2344 1378 2387 cum
1423 2343 1670 2387 cessare
1714 2321 2004 2387 volueris
2063 2321 2549 2408 recooperiatur
2594 2327 2810 2408 caput,
2857 2326 2930 2387 et
2972 2342 3100 2386 ces-

1011 2431 1048 2461 “
1092 2425 1266 2490 sabit
1332 2422 1733 2489 tribulatio?
1831 2423 1923 2487 Et
1985 2422 2235 2488 factum
2304 2429 2404 2489 est
2467 2424 2580 2501 ita,
2650 2445 3101 2509 quemcunque

1010 2528 1187 2593 enim
1256 2526 1585 2592 destruere
1630 2525 1918 2604 volebat,
1964 2527 2104 2611 ipse
2172 2525 2522 2591 destruxit.
2613 2525 2773 2591 Post
2818 2526 3098 2591 multum

1010 2652 1170 2697 vero
1237 2629 1551 2716 temporis
1617 2627 1809 2693 miles
1870 2626 1983 2692 ille
2052 2626 2248 2692 duxit
2309 2648 2599 2706 uxorem,
2646 2649 2797 2714 quae
2867 2629 3106 2715 saepius

1008 2731 1448 2818 interrogavit
1491 2752 1642 2795 eum
1686 2752 1820 2816 qua
1863 2735 2007 2795 arte
2073 2730 2180 2794 vcl
2249 2730 2514 2816 ingenio
2578 2730 2678 2795 ita
2723 2731 3105 2796 destruebat

1010 2854 1236 2899 omnes
1280 2833 1582 2897 inimicos
1627 2853 1780 2896 suos
1839 2832 1981 2896 sine
2025 2832 2223 2896 armis
2282 2835 2352 2897 et
2394 2832 2535 2896 sine
2581 2834 2895 2898 exercitu.
2988 2834 3106 2898 Ille

1015 2943 1238 3001 autem
1283 2936 1345 3000 ei
1410 2935 1624 2999 dicere
1669 2935 1903 3012 noluit,
1949 2936 2065 3000 sed
2121 2935 2493 3021 increpavit
2536 2940 2615 3001 ut
2682 2941 2971 3019 taceret3
3040 2942 3107 3002 et

1015 3041 1266 3123 quanto
1310 3035 1461 3123 plus
1505 3037 1648 3122 ipse
1693 3035 2067 3121 increpavit
2111 3058 2256 3101 eam
2299 3041 2490 3101 tanto
2534 3035 2685 3123 plus
2729 3037 2848 3103 illa
2878 3039 3105 3103 auxia-

1016 3138 1217 3202 batur
1260 3144 1338 3203 ut
1382 3136 1594 3203 sciret.
1686 3136 1989 3224 Contigit
2034 3159 2189 3224 ergo
2220 3138 2501 3224 quadam
2544 3139 2668 3216 die,
2715 3139 2879 3204 dum
2924 3141 3104 3206 miles

881 3298 887 3303 .
1016 3240 1291 3316 abesset,
1338 3245 1407 3305 et
1449 3240 1594 3325 ipsa
1622 3244 1794 3303 esset
1822 3260 1971 3304 cum
2017 3240 2172 3304 solis
2216 3241 2452 3326 puellis
2495 3240 2630 3306 suis
2657 3242 2732 3306 in
2775 3243 3102 3308 secretiori

1018 3341 1308 3408 thalamo
1337 3338 1399 3406 :2
1443 3340 1713 3406 accessit
1779 3341 1866 3406 ad
1909 3364 2125 3407 arcam
2167 3343 2239 3405 in
2287 3364 2418 3427 qua
2460 3343 2769 3428 sperabat
2829 3367 2969 3410 csse
3013 3368 3104 3411 se-

1020 3448 1272 3510 cretum
1333 3442 1500 3508 illud
1565 3443 1819 3509 domini
1893 3445 2014 3522 sui,
2075 3466 2193 3531 per
2261 3444 2437 3530 quod
2502 3446 2641 3530 ipse
2714 3445 2816 3511 ita
2890 3449 3104 3534 inique

1019 3546 1451 3633 operabatur3
1498 3551 1567 3611 et
1611 3546 1873 3612 invenit
1918 3547 1990 3610 in
2034 3569 2183 3611 arca
2224 3552 2424 3633 caput
2466 3546 2635 3611 illud
2680 3547 3101 3631 detestabile3

1017 3653 1088 3714 et
1130 3649 1359 3714 statim
1405 3647 1678 3735 projecit
1737 3648 1903 3713 illud
1971 3648 2045 3712 in
2106 3648 2287 3734 gulfo
2333 3648 2618 3717 Sataliae.
2711 3651 2804 3717 Et
2865 3653 3102 3718 dicitur

1019 3751 1195 3837 quod
1262 3752 1785 3838 quandocunque
1849 3756 2047 3837 caput
2090 3750 2259 3816 illud
2318 3752 2698 3837 resupinum
2758 3759 2877 3831 est,
2942 3778 3104 3821 com-

1018 3859 1326 3921 movetur
1369 3852 1589 3940 gulfus
1632 3853 1745 3917 ille
1774 3853 1939 3918 adeo
1984 3852 2163 3938 quod
2206 3852 2395 3917 nulla
2423 3855 2614 3919 navis
2658 3856 2848 3920 illum
2897 3864 3101 3923 trans·

1020 3956 1116 4020 ire
1183 3960 1443 4042 potest-3
1512 3960 1581 4020 et
1624 3954 1888 4040 quando
1948 3959 2148 4042 caput
2208 3954 2375 4021 illud
2418 3957 2728 4043 supinum
2783 3959 2980 4044 jacet,
3024 3961 3103 4024 fit

1016 4056 1467 4143 tranquillitas
1510 4078 1751 4145 magna
1795 4056 1867 4121 in
1912 4056 2027 4123 illo
2073 4055 2270 4142 gulfo.
2365 4055 2610 4124 Credat
2654 4059 2779 4125 hoc
2829 4060 2879 4127 J
2883 4062 3104 4128 udaeus

1020 4158 1276 4245 Apella,
1321 4180 1458 4223 non
1503 4179 1638 4245 ego,
1777 4158 1782 4163 ’

3054 1155 3306 1219 „mnu

685 4298 889 4344 Another
1110 4260 1203 4325 Et
1270 4265 1370 4326 est
1431 4260 1615 4324 aliud
1659 4259 1961 4326 mirabile
2007 4261 2184 4347 quod
2229 4283 2621 4350 unoquoque
2685 4287 2910 4331 mense
2952 4266 3106 4332 anni
3130 4280 3339 4330 noverim.

686 4351 828 4403 story.
1021 4362 1221 4429 semel
1265 4361 1593 4448 contingit
1638 4361 1712 4426 in
1755 4361 1938 4448 gulfo
1997 4362 2113 4427 illo
2176 4362 2463 4429 Sataliae.
2560 4364 2844 4431 Videtur
2889 4370 3106 4455 itaque

1020 4466 1194 4552 quod
1240 4465 1434 4529 draco
1479 4484 1759 4550 magnus
1802 4463 1992 4550 niger
2034 4465 2108 4528 in
2150 4465 2439 4531 nubibus
2480 4469 2724 4544 veniat,
2771 4474 2841 4534 et
2883 4471 3109 4537 mittat

993 4662 1001 4713 3
1087 4708 1101 4739 ι
1137 4650 1384 4758 Ηογρᾱὲῃ
1419 4720 1551 4770 says,
1586 4709 1616 4733 “
1635 4705 1706 4758 Et
1738 4705 1909 4756 statim
1942 4706 2020 4756 in·
2175 4705 2198 4738 ²
2232 4708 2413 4771 etipsa
2449 4744 2463 4759 .
2498 4744 2513 4758 .
2546 4745 2563 4760 .
2597 4707 2835 4778 thalamo]
2874 4729 2972 4764 om.
2996 4714 3061 4764 H.

1019 4790 1052 4816 “
1085 4787 1240 4838 travit
1264 4786 1419 4837 Satan
1441 4786 1495 4836 in
1518 4785 1660 4835 illam
1682 4790 1734 4835 et
1754 4784 1874 4837 ait.’'

3128 4335 3335 4380 mua
