3585 5863
1575 907 1886 959 monim.
2660 896 2783 959 131

335 1092 580 1190 gfff
685 1083 722 1114 “
765 1077 1121 1156 marinarii,
1181 1083 1301 1145 aut
1360 1078 1475 1144 alii
1542 1078 1836 1146 ministri
1901 1100 2019 1167 per
2082 1100 2152 1145 se
2213 1077 2477 1145 inventi
2539 1078 2788 1144 fuerint
2834 1087 3085 1184 &12¹2ss

482 1173 496 1189 ⁶
564 1173 580 1190 ⁶
681 1186 720 1213 “
760 1178 1083 1256 ludentes,
1111 1179 1471 1246 servientes
1513 1181 1731 1247 tribus
1775 1181 2011 1248 diebus
2052 1181 2221 1247 nudi
2264 1203 2381 1269 per
2423 1182 2786 1247 exercitum
2808 1170 3118 1248 Puninhmmit

683 1290 717 1317 “
760 1282 1206 1368 vapulabunt,
1237 1283 1366 1348 nisi
1410 1304 1481 1350 se
1526 1284 1866 1352 voluerint
1930 1285 2249 1352 redimere
2294 1283 2575 1349 arbitrio
2621 1306 2789 1372 prae-
2809 1251 2860 1294 ⁰‘
2875 1252 3085 1306 ‘mmm'

680 1392 715 1419 “
761 1384 1128 1467 dictorum3
1186 1388 1258 1451 et
1300 1384 1416 1450 alii
1460 1386 1749 1452 ministri
1796 1387 2119 1454 similiter.
2233 1385 2582 1451 Marinarii
2625 1407 2785 1451 vero

684 1494 717 1524 “
760 1487 820 1552 si
862 1486 1157 1569 luserint,
1202 1487 1420 1554 tribus
1481 1488 1715 1555 diebus
1779 1512 1824 1556 a
1885 1511 2144 1556 summo
2205 1488 2401 1555 navis
2466 1488 2541 1553 in
2607 1509 2786 1553 mare

681 1594 718 1624 “
762 1586 1230 1676 demergentur
1256 1610 1437 1656 more
1482 1590 2003 1675 marinna-iorum,
2036 1590 2239 1658 semel
2282 1591 2357 1656 in
2401 1589 2527 1669 die,
2556 1590 2688 1658 nisi
2716 1610 2786 1656 se

625 1753 640 1764 ,
683 1695 722 1726 “
764 1689 1087 1757 redimere
1130 1691 1466 1758 voluerint
1509 1692 1785 1760 arbitrio
1832 1694 2317 1781 praedictorum.

337 1812 580 1865 nomnen.
771 1800 808 1829 “
849 1792 925 1860 Si
965 1797 1190 1860 sutem
1234 1796 1618 1882 peregrinus
1661 1796 1919 1883 aliquis,
1947 1801 2299 1884 postquam
2344 1796 2473 1862 iter
2531 1794 2786 1880 arripu-
2806 1809 3074 1904 mm

683 1899 722 1932 “
763 1894 911 1973 erit,
938 1896 1026 1962 ab
1051 1894 1275 1982 aliquo
1308 1896 1576 1966 homine
1608 1899 1682 1963 in
1711 1898 1826 1966 via
1871 1899 2126 1985 aliquid
2162 1902 2401 1966 mutuo
2435 1895 2778 1983 acceperit,
2803 1875 3110 2012 3313&ss-

681 2003 717 2032 “
760 2002 1072 2064 mutuum
1115 1999 1344 2065 solvet.
1437 1999 1540 2066 De
1587 2023 1663 2066 eo
1723 2001 1903 2087 quod
1969 2006 2125 2068 ante
2171 2002 2304 2070 iter
2347 1999 2599 2087 accepit
2644 2019 2781 2064 non
2803 2012 2924 2064 paid-

678 2105 715 2136 “
758 2104 1029 2168 tenetur
1069 2100 1464 2188 respondere
1508 2102 1584 2170 in
1625 2103 1753 2169 vis..

335 2214 577 2270 Hovedeu.
766 2210 800 2239 “
841 2202 917 2270 Si
960 2207 1186 2270 autem
1229 2204 1623 2270 marinarius
1665 2205 1909 2291 aliquis
1953 2208 2318 2274 conductus
2347 2205 2456 2271 vel
2485 2203 2783 2270 serviens
2804 2214 2996 2268 Servius

332 2269 429 2311 884.
446 2267 493 2311 h.
507 2272 572 2313 24.
831 2306 844 2320 .
947 2306 962 2321 .
2558 2306 2572 2321 ,
2803 2277 2911 2308 men
2927 2268 3011 2310 not
3028 2268 3078 2311 to

679 2311 716 2342 “
759 2306 1017 2392 ahqms,
1074 2306 1182 2374 vel
1243 2307 1618 2393 quicunque
1684 2307 1904 2390 fuerit,
1968 2310 2261 2397 exceptis
2325 2308 2546 2396 [cleric
2559 2306 2642 2390 ts]
2714 2308 2783 2369 et
2803 2315 3069 2409 fflffieir

674 2414 713 2444 “
757 2409 1100 2488 militibus,
1156 2431 1200 2475 a
1243 2409 1512 2476 domino
1556 2431 1676 2477 suo
1721 2411 1795 2476 in
1823 2411 1937 2478 via
1987 2411 2189 2498 hujus
2232 2406 2783 2499 peregrinationis
2804 2415 3002 2460 without
3014 2479 3090 2512 on.

675 2517 710 2548 “
754 2512 1109 2590 recesserit,
1139 2533 1335 2579 nemo
1380 2512 1551 2578 alius
1595 2534 1748 2579 eum
1794 2512 2070 2600 recipiet
2124 2514 2258 2579 nisi
2305 2514 2387 2580 de
2430 2510 2782 2576 voluntate

680 2621 717 2649 “
760 2614 1011 2681 domini
1054 2614 1160 2681 sui
1204 2613 1427 2681 fuerit.
1525 2615 1601 2683 Si
1642 2637 1803 2682 vero
1849 2615 2087 2703 aliquis
2132 2637 2286 2682 eum
2328 2612 2548 2679 invito
2577 2608 2783 2697 priori

677 2723 710 2751 “
757 2717 1025 2782 domino
1046 2739 1164 2784 suo
1186 2719 1521 2806 receperit,
1547 2739 1667 2805 pro
1697 2717 1973 2784 arbitrio
1996 2718 2463 2804 praedictorum
2486 2713 2783 2780 virorum

681 2824 718 2857 “
761 2819 1093 2906 punietur.
2476 2836 2481 2841 ’

333 2938 576 2993 novacen.
769 2930 803 2961 “
849 2922 941 2989 Et
984 2922 1044 2988 si
1087 2923 1234 3009 quis
1264 2928 1493 2991 eontra
1521 2927 1782 2990 statuta
1810 2922 1942 2990 ista
1969 2927 2111 2989 tam
2141 2922 2550 2990 sollemniter
2580 2917 2781 2998 facta,
2803 2942 2998 2998 Pendty
3013 2944 3067 2989 ot

334 2994 427 3036 ³⁸⁴⁰
445 2992 495 3035 b'
511 2995 575 3036 ω’
673 3030 709 3063 “
753 3025 1013 3112 aliquid
1082 3031 1330 3093 temere
1404 3025 1865 3108 attentaverit,
1941 3026 2108 3093 sciat
2186 3047 2255 3092 se
2328 3023 2775 3092 excommuni-
2803 3005 3061 3107 {igfflfflu'

680 3137 712 3164 “
756 3128 1004 3195 cationi
1076 3129 1714 3216 archiepiscoporum
1775 3133 1846 3195 et
1906 3129 2371 3217 episcoporum,
2439 3133 2509 3195 et
2569 3127 2779 3195 totius
2803 3099 3044 3190 ἓῗοῖῗιῗὲη.

677 3236 713 3267 “
756 3231 1082 3298 exercitus
1142 3231 1492 3317 subjecere.
1584 3232 1676 3297 Et
1720 3252 1948 3298 omnes
1992 3236 2503 3320 transgressores
2563 3229 2780 3318 poenis

678 3339 713 3369 ‘⁴
763 3333 1155 3421 supradictis
1237 3335 1596 3400 secundum
1671 3333 2082 3422 singulorum
2154 3334 2581 3414 conditiones,
2658 3354 2778 3419 pro

676 3442 715 3473 “
757 3436 1036 3503 arbitrio
1077 3437 1540 3525 praedictorum
1584 3436 1884 3502 virorum
1925 3437 2300 3524 punientur.

327 3560 574 3614 novacen,
764 3546 803 3576 “
849 3539 1176 3607 Praeterea.
1218 3544 1547 3607 statutum
1609 3543 1711 3606 est
1771 3562 1815 3606 a.
1878 3539 2145 3605 domino
2210 3560 2365 3626 rege
2407 3538 2779 3626 Anglorum
3010 3559 3084 3602 ·0n

324 3616 420 3659 ω’
436 3613 486 3657 b*
503 3616 569 3659 ³¹⁰
677 3647 713 3679 “
756 3648 825 3708 et
867 3642 1373 3710 constabulariis
1416 3646 1487 3709 et
1521 3642 1808 3729 justitiis
1873 3622 1945 3709 et
2013 3641 2406 3707 marescallis
2450 3643 2779 3709 exercitus
2802 3610 3060 3706 ἓῖῧιὲιῗίιθ

674 3752 710 3782 “
752 3746 924 3831 regis
966 3743 1275 3833 Angliae‚¹
1325 3746 1503 3832 quod
1546 3748 1870 3813 mercator
1927 3744 2010 3810 de
2076 3765 2466 3831 quacunque
2531 3765 2775 3810 merca-

675 3855 712 3883 “
756 3848 939 3914 tione
984 3847 1076 3914 sit
1118 3869 1260 3913 non
1304 3852 1527 3935 potest
1571 3870 1786 3915 emere
1849 3869 2089 3935 panem
2131 3848 2220 3913 ad
2276 3847 2775 3914 revendendum

671 3955 714 3986 “
756 3951 830 4015 in
872 3950 1185 4029 exercitu,
1214 3972 1339 4017 nec
1379 3950 1703 4032 farinsm3
1747 3950 1879 4015 nisi
1908 3950 2147 4036 aliquis
2177 3950 2549 4038 alienigena
2590 3949 2776 4015 illam

675 4058 715 4088 “
757 4053 1128 4133 adduxerit,
1175 4056 1246 4119 et
1290 4053 1406 4139 qui
1451 4053 1533 4119 de
1574 4052 1692 4117 illa
1735 4074 1976 4139 panem
2019 4051 2283 4134 fecerit3
2341 4074 2463 4120 nec
2504 4052 2777 4119 bladum

676 4160 715 4191 “
755 4155 887 4221 nisi
929 4155 1238 4222 similiter
1281 4155 1364 4221 de
1429 4155 1545 4221 illo
1612 4177 1852 4243 panem
1916 4154 2158 4234 fecerit,
2224 4155 2334 4220 vel
2401 4156 2489 4221 ad
2556 4176 2777 4221 secum

675 4242 714 4293 ‘”‘
757 4258 1321 4326 transfretandum
1384 4257 1762 4325 detinuerit.
1875 4256 2114 4323 Pastea
2179 4257 2448 4325 omnino
2507 4262 2779 4325 vetatur
2801 4275 2972 4373 m
2983 4277 3072 4323 for-

675 4368 714 4397 “
757 4382 842 4426 ne
885 4367 1178 4444 ematur3
1237 4365 1309 4428 et
1353 4362 1580 4428 omnia.
1619 4364 1940 4428 vetantur
1999 4361 2278 4427 emenda.
2337 4362 2413 4427 in
2476 4362 2642 4428 villa
2708 4367 2778 4428 et
2975 4358 2988 4373 '

672 4471 710 4501 “
753 4463 927 4530 infra
963 4465 1291 4532 leucatem
1319 4465 1515 4533 vfflae.
1606 4464 1684 4532 Si
1713 4468 1940 4532 sutem
1970 4463 2212 4550 aliquis
2240 4463 2515 4531 bladum
2545 4464 2779 4531 emerit

1024 4789 1111 4841 ἀ
1147 4788 1380 4842 domitto.
1416 4787 1732 4856 ..Anqlioe]
1770 4787 2424 4856 spmdictismgibQH·

2391 4875 2514 4938 12
