3585 5863
347 1179 579 1224 aotam.

1408 949 1700 999 flamm
1746 950 2062 1000 suenum.
2710 939 2793 1003 39

695 1125 734 1149 “
774 1122 1041 1178 venisset
1092 1123 1169 1178 ad
1203 1140 1309 1178 nos
1346 1122 1416 1178 A.
1459 1122 1573 1177 Dei
1610 1124 1806 1195 gratia
1838 1124 2190 1180 venerabilis
2226 1124 2598 1181 Valeniensis
2618 1124 2636 1157 ¹
2676 1125 2798 1197 epi·
2825 1117 3102 1225 ΗῒῙέἑέἱξ-Β·

694 1209 732 1232 “
775 1224 1015 1279 scopus,
1058 1212 1119 1262 et
1162 1206 1392 1262 dolores
1444 1212 1503 1261 et
1552 1208 1913 1264 calamitates
1950 1208 2164 1281 quibus
2202 1208 2517 1264 Orientalis
2555 1210 2803 1265 ecclesia
2824 1232 2978 1275 oeived
2998 1234 3080 1276 tho

692 1292 733 1315 “
774 1291 1067 1363 premitur
1101 1291 1361 1363 profusis
1395 1291 1674 1362 lacrymis
1714 1298 1774 1347 et
1807 1292 2113 1365 profundis
2152 1293 2426 1364 suspiriis
2462 1292 2799 1368 indicasset,
2826 1280 3062 1377 afflssglfffi

693 1376 732 1401 “
773 1380 993 1446 quanta
1029 1375 1308 1447 graviora
1339 1375 1609 1431 videmus
1659 1375 1881 1431 instare
1930 1377 2213 1450 pericula,
2268 1383 2431 1433 tanto
2484 1378 2696 1433 fortius
2732 1396 2801 1434 ac
2825 1394 3040 1444 oourpms
3056 1384 3137 1429 the

693 1460 730 1484 “
771 1459 1023 1514 celerius
1081 1459 1158 1514 ad
1223 1464 1522 1514 maturum
1583 1460 1912 1515 subsidium
1971 1461 2297 1532 compassio
2355 1480 2462 1516 nos
2520 1462 2795 1532 accingit.
2822 1436 3097 1538 ξῗξῗῗξξω

691 1544 729 1568 “
769 1542 1069 1599 Habentes
1105 1544 1306 1614 itaque
1355 1544 1418 1599 in
1470 1544 1558 1599 Eo
1608 1562 1774 1615 spem
1827 1550 1888 1601 et
1939 1545 2234 1611 fiduciam,
2276 1545 2391 1615 Qui
2440 1546 2502 1601 in
2556 1545 2633 1601 Se
2671 1564 2800 1617 spe·
2821 1536 3137 1582 ‘’smmum-

691 1629 730 1652 “
767 1632 965 1683 rantes
989 1627 1326 1683 nullatenus
1353 1627 1728 1700 derelinquit,
1758 1629 2013 1684 viriliter
2038 1631 2218 1702 agite,
2248 1636 2309 1700 et
2343 1631 2704 1685 confortetur
2739 1631 2802 1685 in

345 1721 660 1766 Femina.
689 1712 729 1735 “
768 1709 1020 1766 Domino
1056 1728 1155 1766 cor
1192 1718 1473 1777 vestrum,
1516 1713 1791 1784 quoniam
1845 1713 1998 1768 illud
2052 1714 2348 1769 credimus
2399 1714 2601 1769 Ysaiae
2655 1716 2803 1769 vati-

349 1809 632 1863 Imlzms.

341 2320 416 2364 Pa.
433 2321 581 2365 xit&

332 3069 613 3118 leonii-9.

329 3677 576 3728 Hoveden.

325 3731 566 3823 mes

689 1797 728 1820 “
767 1795 988 1850 oinium
1017 1796 1144 1866 jam
1179 1796 1507 1867 impletum,
1552 1800 1567 1822 ‘
1596 1796 1951 1862 Jerusalem,
1991 1798 2127 1854 leva
2178 1799 2243 1852 in
2295 1798 2549 1853 circuitu
2603 1799 2801 1854 oculos

687 1882 728 1905 ‘⁸
768 1883 786 1905 ‘
808 1886 942 1935 tuos
979 1886 1040 1935 et
1072 1880 1243 1946 vide;
1302 1898 1502 1936 omnes
1553 1882 1656 1936 isti
1712 1884 2057 1954 congregati
2108 1889 2399 1938 venerunt
2432 1882 2561 1938 tibi.
2637 1883 2801 1939 Tunc

688 1966 727 1990 “
772 1967 786 1991 ‘
813 1963 1042 2020 videbis
1080 1970 1140 2020 et
1189 1965 1425 2032 afflues3
1482 1971 1543 2020 et
1595 1966 1931 2032 mirabitur,
1974 1973 2035 2022 et
2070 1966 2419 2023 dilatabitur
2467 1985 2568 2022 cor
2605 1972 2796 2031 tuum,

689 2050 727 2074 ‘⁶
772 2050 786 2074 ‘
815 2048 1048 2120 quando
1103 2065 1387 2105 conversa
1433 2049 1617 2105 fuerit
1669 2049 1746 2104 ad
1798 2056 1860 2105 te
1914 2050 2233 2107 multitudo
2279 2051 2480 2115 mariS‚
2521 2051 2802 2107 fortitudo

688 2133 726 2157 “
771 2134 786 2158 ‘
812 2133 1081 2204 gentium
1117 2133 1347 2188 venerit
1381 2131 1533 2189 tibi!
1606 2133 1781 2189 Nunc
1819 2140 2016 2189 autem
2059 2135 2364 2198 Dominus,
2407 2134 2522 2204 Qui
2556 2135 2802 2206 respicit

689 2218 728 2241 “
768 2234 945 2288 super
993 2217 1145 2272 filios
1199 2217 1522 2282 hominum,
1563 2222 1632 2271 ut
1683 2217 1885 2272 videat
1938 2219 1989 2273 si
2041 2225 2134 2273 est
2182 2218 2520 2289 intelligens
2575 2224 2677 2274 aut
2710 2238 2801 2274 re-

687 2298 727 2326 “
768 2302 1007 2370 quirens
1045 2300 1258 2365 Deum,
1300 2301 1386 2355 sic
1438 2300 1910 2356 Christianorum
1960 2302 2245 2358 hactenus
2301 2304 2520 2373 sopitos
2568 2303 2643 2358 ad
2678 2322 2800 2359 ser-

686 2385 725 2410 “
763 2384 977 2439 vitium
1015 2384 1203 2440 Suum
1239 2384 1519 2439 excitavit
1553 2385 1818 2449 affectus,
1858 2390 1927 2441 ut
1961 2387 2371 2458 unusquisque
2410 2388 2513 2457 qui
2562 2387 2800 2442 Domini

688 2470 726 2494 ‘⁵
766 2474 875 2533 est,
930 2468 1199 2539 gladium
1249 2486 1425 2524 suum
1477 2469 1604 2540 jam
1662 2470 1932 2540 posuerit
1991 2488 2170 2540 super
2230 2472 2425 2526 femur
2484 2489 2676 2535 suum,
2741 2476 2801 2526 et

686 2556 723 2578 “
761 2552 999 2608 beatum
1036 2571 1099 2608 se
1138 2552 1388 2624 quisque
1412 2558 1648 2625 reputat
1683 2560 1744 2608 et
1778 2553 2015 2608 fidelem
2053 2555 2154 2625 qui
2190 2561 2421 2627 patrem
2456 2560 2517 2611 et
2550 2561 2801 2610 matrem

687 2640 723 2663 “
763 2642 822 2693 et
861 2639 1056 2693 omnia
1091 2636 1493 2709 dereliquerit,
1551 2642 1620 2692 ut
1667 2638 1859 2710 possit
1907 2638 2145 2695 Christo
2201 2646 2261 2694 et
2311 2641 2509 2694 Terrae
2568 2639 2800 2696 Sanctae

685 2724 723 2746 ‘⁸
763 2721 959 2776 illatas
995 2722 1245 2792 injurias
1302 2721 1621 2777 vindicare.
1724 2721 2073 2778 Constantes
2130 2722 2319 2795 igitur
2375 2728 2583 2788 estote,
2624 2730 2685 2778 et
2738 2724 2799 2778 in
2824 2725 3142 2829 wid-fe

685 2806 724 2830 “
766 2811 1042 2877 promptu
1090 2806 1370 2877 videbitis
1428 2805 1715 2861 auxilium
1769 2805 1939 2861 vobis
1995 2824 2030 2861 a
2080 2806 2333 2862 Domino
2383 2814 2795 2879 praeparatum.

685 2892 723 2916 “
766 2890 959 2946 Citius
998 2891 1156 2946 enim
1194 2908 1372 2963 quam
1408 2889 1666 2946 credatis
1716 2895 1885 2946 tanta
1935 2890 2106 2947 vobis
2160 2909 2267 2964 per
2316 2897 2537 2948 terram
2588 2897 2649 2948 et
2694 2910 2801 2965 per

681 2978 718 3001 “
759 2992 920 3032 mare
956 2977 1019 3030 in
1054 2976 1344 3032 auxilium
1378 2974 1570 3030 fidelis
1605 2975 1812 3048 populi
1838 2976 2218 3047 superveniet
2251 2976 2591 3043 multitudO,
2621 2996 2801 3047 quan-

684 3063 721 3086 “
761 3065 880 3114 tam
915 3077 1026 3115 nec
1062 3060 1267 3116 oculus
1303 3059 1456 3114 vidit
1491 3076 1598 3114 nec
1653 3060 1815 3114 auris
1865 3060 2113 3126 audivit,
2153 3079 2261 3116 nec
2310 3061 2375 3116 in
2410 3079 2511 3116 cor
2544 3061 2799 3117 hominis

687 3147 724 3169 “
763 3144 1062 3210 ascendit;
1106 3161 1281 3215 quam
1306 3143 1545 3214 quidem
1570 3144 1858 3199 Dominus
1885 3144 1957 3200 ad
1994 3152 2171 3199 terrae
2206 3151 2421 3200 vestrae
2457 3145 2799 3216 praesidium

686 3232 722 3254 “
762 3229 1135 3301 praeparavit.
1220 3228 1385 3283 Inter
1432 3233 1676 3283 caeteros
1737 3234 1937 3283 autem
1997 3229 2296 3301 principes
2352 3247 2463 3301 ego
2524 3235 2584 3284 et
2641 3230 2798 3285 filius
2824 3233 3105 3280 Rehimoelf

684 3317 722 3339 “
761 3331 947 3377 meus,
986 3313 1209 3384 rejecta
1270 3311 1451 3382 hujus
1503 3311 1710 3366 mundi
1765 3313 1976 3382 gloria,
2018 3317 2079 3367 et
2130 3313 2346 3384 spretis
2396 3314 2798 3385 voluptatibus
2822 3284 3135 3381 fflssflffihgd

683 3399 722 3423 ‘⁸
758 3397 1074 3461 universis,
1115 3396 1504 3466 omnibusque
1542 3414 1676 3467 quae
1711 3395 1921 3450 mundi
1971 3402 2126 3462 sunt,
2165 3398 2532 3469 postpositis,
2572 3398 2636 3453 in
2669 3417 2801 3470 per·
2824 3386 3059 3432 amm

679 3485 718 3509 “
759 3483 914 3538 sonis
949 3480 1204 3555 propriis
1241 3481 1382 3537 totis
1419 3480 1650 3535 viribus
1687 3497 1792 3534 vos
1821 3480 1961 3545 cite,
2001 3487 2241 3536 auctore
2280 3480 2553 3546 Domin0,
2591 3482 2796 3538 visita-

683 3570 722 3593 “
759 3567 974 3622 bimus.
1049 3565 1325 3623 Valete.”

769 3650 952 3715 Dum
1017 3650 1159 3717 baec
1221 3650 1476 3729 fierent,
1551 3645 1896 3733 Philippus
1970 3668 2091 3711 rex
2159 3646 2477 3728 Franciae‚
2554 3670 2795 3736 magno
2820 3664 3072 3768 Phfirissnss':

2742 3750 2757 3766 Ο

677 3757 1069 3841 congregato
1146 3751 1458 3829 exercitu,
1545 3749 1837 3813 intravit
1912 3748 2229 3829 Bestiam,
2303 3753 2549 3815 terram
2622 3772 2796 3836 regis
2816 3765 3130 3862 &effigi-ry

678 3856 944 3942 Angliae
1012 3855 1092 3920 de
1161 3853 1565 3941 patrimonio
1633 3852 1881 3940 reginae
1926 3850 2204 3916 Alienor
2248 3852 2477 3916 uxoris
2521 3875 2673 3930 suae,
2723 3858 2793 3918 et
2815 3867 3076 3966 ffiffigh

675 3958 851 4045 cepit
899 3958 1209 4025 Castrum
1256 3955 1525 4021 Radulfi
1545 3951 1572 3990 ²
1616 3954 1796 4041 quod
1839 3954 2197 4042 burgenses
2236 3953 2669 4021 reddiderunt
2713 3956 2789 4021 ei.
2813 3967 3127 4064 gfflhor

676 4061 768 4124 Et
828 4059 986 4124 inde
1052 4058 1427 4145 procedens
1487 4056 1750 4122 reddita
1813 4061 1915 4122 est
1980 4056 2082 4121 illi
2143 4056 2280 4122 fere
2343 4061 2491 4121 tota
2558 4058 2789 4174 Berria
2811 4072 2998 4172 weg,
3014 4121 3108 4167 md

675 4163 968 4250 exceptis
1031 4161 1290 4238 LucbiS,
1369 4165 1438 4226 et
1514 4159 1767 4225 caeteris
1843 4158 2189 4225 dominicis
2263 4158 2547 4224 castellis
2612 4181 2786 4246 regls
2807 4169 3032 4266 Qffieoeffe.

675 4266 952 4353 Angliae.
1046 4264 1433 4330 Buchardus
1454 4261 1480 4300 ³
1528 4284 1681 4327 vero
1719 4261 1801 4327 de
1833 4261 2204 4327 Vendomia
2248 4262 2492 4327 timens
2537 4263 2782 4327 adven-

745 4494 761 4526 ¹
797 4494 1124 4560 Valeniensis]
1162 4492 1395 4554 Valenia,
1429 4508 1544 4542 now
1577 4492 1676 4542 Ba-
1832 4489 1854 4522 ³
1876 4490 2115 4540 Buchard
2130 4490 2214 4540 IV
2215 4528 2246 4550 .‚
2263 4491 2422 4542 eldest
2438 4506 2529 4541 son
2547 4491 2605 4541 of
2613 4491 2652 4541 J
2651 4491 2775 4542 obn,

676 4573 802 4636 nias,
837 4591 939 4624 was
973 4591 1004 4624 a
1038 4589 1120 4624 see
1157 4573 1214 4622 in
1235 4572 1321 4622 the
1355 4571 1591 4636 province
1626 4572 1684 4621 of
1766 4578 1921 4622 count
1959 4569 2017 4620 of
2056 4570 2337 4631 Vendome,
2374 4572 2650 4621 succeeded
2686 4570 2770 4621 his

675 4654 921 4718 Apamea,
946 4669 1012 4704 on
1035 4653 1123 4703 the
1144 4660 1286 4703 coast
1304 4653 1530 4702 between
1552 4651 1677 4702 Jeb-
1763 4652 1930 4703 father
1970 4651 2024 4701 in
2061 4652 2146 4701 the
2186 4659 2374 4718 county
2411 4652 2463 4701 in
2503 4657 2646 4703 1192.
2717 4652 2773 4707 It

674 4734 761 4786 leh
782 4736 884 4785 and
904 4733 1134 4784 Merkeb.
1765 4731 1870 4782 will
1886 4733 1950 4782 be
1974 4732 2314 4782 remembered
2330 4732 2440 4783 that
2455 4732 2522 4783 he
2538 4733 2660 4783 took
2683 4732 2769 4782 the

742 4812 763 4845 ²
796 4813 975 4879 Philip
997 4813 1120 4863 took
1144 4812 1516 4871 ommam-oux,
1539 4810 1673 4861 June
1763 4812 1871 4862 side
1892 4810 1951 4862 of
1964 4810 2053 4862 the
2085 4825 2318 4877 younger
2340 4811 2520 4879 Hem-y
2536 4813 2591 4863 in
2616 4830 2770 4881 oppo-

681 4898 759 4944 16.
815 4893 881 4945 Β.
899 4890 1101 4955 Dicam,
1124 4896 1238 4943 639.
1762 4891 1918 4942 sition
1940 4899 1994 4941 to
2009 4890 2092 4941 his
2113 4889 2293 4943 father.
2343 4892 2438 4944 See
2453 4894 2553 4944 vol.
2568 4894 2602 4945 i.
2620 4910 2672 4960 p.
2689 4901 2770 4947 63-
